<?xml version="1.0" encoding="UTF-8" ?>
<Document xmlns:xsi="http://www.w3.org/2001/XMLSchema-instance" xmlns="urn:iso:std:iso:20022:tech:xsd:pain.008.001.02">
  <CstmrDrctDbtInitn>
    <GrpHdr>
      <MsgId>23370679B2014-04-30T214710</MsgId>
      <CreDtTm>2014-04-30T21:47:10</CreDtTm>
      <NbOfTxs>5</NbOfTxs>
      <CtrlSum>994.58</CtrlSum>
      <InitgPty>
        <Nm>FRANCISCO GARCIA RIVAS</Nm>
        <Id>
          <OrgId>
            <Othr>
              <Id>ES1400123370679B</Id>
            </Othr>
          </OrgId>
        </Id>
      </InitgPty>
    </GrpHdr>
    <PmtInf>
      <PmtInfId>23370679B2014-04-30T214710</PmtInfId>
      <PmtMtd>DD</PmtMtd>
      <NbOfTxs>5</NbOfTxs>
      <CtrlSum>994.58</CtrlSum>
      <PmtTpInf><SvcLvl><Cd>SEPA</Cd></SvcLvl><LclInstrm><Cd>CORE</Cd></LclInstrm><SeqTp>RCUR</SeqTp></PmtTpInf>
      <ReqdColltnDt>2014-05-01</ReqdColltnDt>
      <Cdtr>
        <Nm>FRANCISCO GARCIA RIVAS</Nm>
        <PstlAdr>
          <Ctry>ES</Ctry>
          <AdrLine>C/DOCTOR ADELARDO MORA N. 4</AdrLine>
          <AdrLine>18012 GRANADA</AdrLine>
        </PstlAdr>
      </Cdtr>
      <CdtrAcct>
        <Id><IBAN>ES3604873373222000002695</IBAN></Id>
        <Ccy>EUR</Ccy>
      </CdtrAcct>
      <CdtrAgt>
        <FinInstnId><BIC>GBMNESMMXXX</BIC></FinInstnId>
      </CdtrAgt>
      <ChrgBr>SLEV</ChrgBr>
      <CdtrSchmeId>
        <Id>
          <PrvtId>
            <Othr>
              <Id>ES1400123370679B</Id>
              <SchmeNm>
                <Prtry>SEPA</Prtry>
              </SchmeNm>
            </Othr>
          </PrvtId>
        </Id>
      </CdtrSchmeId>
      <DrctDbtTxInf>
        <PmtId>
          <EndToEndId>D02820</EndToEndId>
        </PmtId>
        <InstdAmt Ccy="EUR">84.70</InstdAmt>
        <DrctDbtTx>
          <MndtRltdInf>
            <MndtId>I01122</MndtId>
            <DtOfSgntr>2009-10-31</DtOfSgntr>
            <AmdmntInd>false</AmdmntInd>
          </MndtRltdInf>
        </DrctDbtTx>
        <DbtrAgt>
          <FinInstnId>
            <BIC>BBVAESMMXXX</BIC>
          </FinInstnId>
        </DbtrAgt>
        <Dbtr>
        <Nm>ISABEL MARIA MIRA SIRVET </Nm>
        <PstlAdr>
          <Ctry>ES</Ctry>
          <AdrLine>COCHERA N. 45, C/TORTOLA N. 33</AdrLine>
          <AdrLine>GRANADA 18014 GRANADA</AdrLine>
        </PstlAdr>
        </Dbtr>
        <DbtrAcct>
          <Id>
            <IBAN>ES1501822031950200067661</IBAN>
          </Id>
        </DbtrAcct>
        <Purp>
          <Cd>TRAD</Cd>
        </Purp>
        <RmtInf>
        <Ustrd>Recibo D02820 de fecha 01/05/2014</Ustrd>
        </RmtInf>
      </DrctDbtTxInf>
      <DrctDbtTxInf>
        <PmtId>
          <EndToEndId>D02821</EndToEndId>
        </PmtId>
        <InstdAmt Ccy="EUR">337.95</InstdAmt>
        <DrctDbtTx>
          <MndtRltdInf>
            <MndtId>I00600</MndtId>
            <DtOfSgntr>2009-10-31</DtOfSgntr>
            <AmdmntInd>false</AmdmntInd>
          </MndtRltdInf>
        </DrctDbtTx>
        <DbtrAgt>
          <FinInstnId>
            <BIC>BBVAESMMXXX</BIC>
          </FinInstnId>
        </DbtrAgt>
        <Dbtr>
        <Nm>ESCUELA ARTE GRANADA S.L.</Nm>
        <PstlAdr>
          <Ctry>ES</Ctry>
          <AdrLine>LOCAL OFICINA, C/DORTOR ADELARDO MORA N. 4</AdrLine>
          <AdrLine>GRANADA 18012 GRANADA</AdrLine>
        </PstlAdr>
        </Dbtr>
        <DbtrAcct>
          <Id>
            <IBAN>ES7001825695860011500891</IBAN>
          </Id>
        </DbtrAcct>
        <Purp>
          <Cd>TRAD</Cd>
        </Purp>
        <RmtInf>
        <Ustrd>Recibo D02821 de fecha 01/05/2014</Ustrd>
        </RmtInf>
      </DrctDbtTxInf>
      <DrctDbtTxInf>
        <PmtId>
          <EndToEndId>D02824</EndToEndId>
        </PmtId>
        <InstdAmt Ccy="EUR">46.54</InstdAmt>
        <DrctDbtTx>
          <MndtRltdInf>
            <MndtId>I00110</MndtId>
            <DtOfSgntr>2009-10-31</DtOfSgntr>
            <AmdmntInd>false</AmdmntInd>
          </MndtRltdInf>
        </DrctDbtTx>
        <DbtrAgt>
          <FinInstnId>
            <BIC>GBMNESMMXXX</BIC>
          </FinInstnId>
        </DbtrAgt>
        <Dbtr>
        <Nm>ANTONIO MARISCAL VELASCO</Nm>
        <PstlAdr>
          <Ctry>ES</Ctry>
          <AdrLine>PISO 4. A, C/STMA.TRINIDAD N. 3</AdrLine>
          <AdrLine>MARACENA 18200 GRANADA</AdrLine>
        </PstlAdr>
        </Dbtr>
        <DbtrAcct>
          <Id>
            <IBAN>ES7204873090289000033901</IBAN>
          </Id>
        </DbtrAcct>
        <Purp>
          <Cd>TRAD</Cd>
        </Purp>
        <RmtInf>
        <Ustrd>Recibo D02824 de fecha 01/05/2014</Ustrd>
        </RmtInf>
      </DrctDbtTxInf>
      <DrctDbtTxInf>
        <PmtId>
          <EndToEndId>D02826</EndToEndId>
        </PmtId>
        <InstdAmt Ccy="EUR">56.45</InstdAmt>
        <DrctDbtTx>
          <MndtRltdInf>
            <MndtId>I00118</MndtId>
            <DtOfSgntr>2009-10-31</DtOfSgntr>
            <AmdmntInd>false</AmdmntInd>
          </MndtRltdInf>
        </DrctDbtTx>
        <DbtrAgt>
          <FinInstnId>
            <BIC>GBMNESMMXXX</BIC>
          </FinInstnId>
        </DbtrAgt>
        <Dbtr>
        <Nm>JUAN MONTESINOS TERRONES</Nm>
        <PstlAdr>
          <Ctry>ES</Ctry>
          <AdrLine>PISO 3. B, C/CHORRILLO N. 8</AdrLine>
          <AdrLine>MARACENA 18200 GRANADA</AdrLine>
        </PstlAdr>
        </Dbtr>
        <DbtrAcct>
          <Id>
            <IBAN>ES9704873090299000047661</IBAN>
          </Id>
        </DbtrAcct>
        <Purp>
          <Cd>TRAD</Cd>
        </Purp>
        <RmtInf>
        <Ustrd>Recibo D02826 de fecha 01/05/2014</Ustrd>
        </RmtInf>
      </DrctDbtTxInf>
      <DrctDbtTxInf>
        <PmtId>
          <EndToEndId>D02827</EndToEndId>
        </PmtId>
        <InstdAmt Ccy="EUR">468.94</InstdAmt>
        <DrctDbtTx>
          <MndtRltdInf>
            <MndtId>I00908</MndtId>
            <DtOfSgntr>2009-10-31</DtOfSgntr>
            <AmdmntInd>false</AmdmntInd>
          </MndtRltdInf>
        </DrctDbtTx>
        <DbtrAgt>
          <FinInstnId>
            <BIC>CCRIES2AXXX</BIC>
          </FinInstnId>
        </DbtrAgt>
        <Dbtr>
        <Nm>JOSE FERNANDEZ BARBA</Nm>
        <PstlAdr>
          <Ctry>ES</Ctry>
          <AdrLine>PISO 1. A, C/ALAMEDA DE ANDALUCIA N. 28</AdrLine>
          <AdrLine>ANTEQUERA 29200 MALAGA</AdrLine>
        </PstlAdr>
        </Dbtr>
        <DbtrAcct>
          <Id>
            <IBAN>ES8630580718362810823259</IBAN>
          </Id>
        </DbtrAcct>
        <Purp>
          <Cd>TRAD</Cd>
        </Purp>
        <RmtInf>
        <Ustrd>Recibo D02827 de fecha 01/05/2014</Ustrd>
        </RmtInf>
      </DrctDbtTxInf>
    </PmtInf>
  </CstmrDrctDbtInitn>
</Document>
