<?xml version="1.0" encoding="UTF-8" ?>
<Document xmlns:xsi="http://www.w3.org/2001/XMLSchema-instance" xmlns="urn:iso:std:iso:20022:tech:xsd:pain.008.001.02">
  <CstmrDrctDbtInitn>
    <GrpHdr>
      <MsgId>24207607S2014-04-30T212831</MsgId>
      <CreDtTm>2014-04-30T21:28:31</CreDtTm>
      <NbOfTxs>1</NbOfTxs>
      <CtrlSum>140</CtrlSum>
      <InitgPty>
        <Nm>JOSE ENRIQUE GARCIA SEGOVIA</Nm>
        <Id>
          <OrgId>
            <Othr>
              <Id>ES3800124207607S</Id>
            </Othr>
          </OrgId>
        </Id>
      </InitgPty>
    </GrpHdr>
    <PmtInf>
      <PmtInfId>24207607S2014-04-30T212831</PmtInfId>
      <PmtMtd>DD</PmtMtd>
      <NbOfTxs>1</NbOfTxs>
      <CtrlSum>140</CtrlSum>
      <PmtTpInf><SvcLvl><Cd>SEPA</Cd></SvcLvl><LclInstrm><Cd>CORE</Cd></LclInstrm><SeqTp>RCUR</SeqTp></PmtTpInf>
      <ReqdColltnDt>2014-05-01</ReqdColltnDt>
      <Cdtr>
        <Nm>JOSE ENRIQUE GARCIA SEGOVIA</Nm>
        <PstlAdr>
          <Ctry>ES</Ctry>
          <AdrLine>C/DOCTOR ADELARDO MORA N. 4</AdrLine>
          <AdrLine>18012 GRANADA</AdrLine>
        </PstlAdr>
      </Cdtr>
      <CdtrAcct>
        <Id><IBAN>ES6304873373212000006332</IBAN></Id>
        <Ccy>EUR</Ccy>
      </CdtrAcct>
      <CdtrAgt>
        <FinInstnId><BIC>GBMNESMMXXX</BIC></FinInstnId>
      </CdtrAgt>
      <ChrgBr>SLEV</ChrgBr>
      <CdtrSchmeId>
        <Id>
          <PrvtId>
            <Othr>
              <Id>ES3800124207607S</Id>
              <SchmeNm>
                <Prtry>SEPA</Prtry>
              </SchmeNm>
            </Othr>
          </PrvtId>
        </Id>
      </CdtrSchmeId>
      <DrctDbtTxInf>
        <PmtId>
          <EndToEndId>A00096</EndToEndId>
        </PmtId>
        <InstdAmt Ccy="EUR">140.00</InstdAmt>
        <DrctDbtTx>
          <MndtRltdInf>
            <MndtId>I00982</MndtId>
            <DtOfSgntr>2009-10-31</DtOfSgntr>
            <AmdmntInd>false</AmdmntInd>
          </MndtRltdInf>
        </DrctDbtTx>
        <DbtrAgt>
          <FinInstnId>
            <BIC>UCJAES2MXXX</BIC>
          </FinInstnId>
        </DbtrAgt>
        <Dbtr>
        <Nm>DIWALY VIAJES S.L.</Nm>
        <PstlAdr>
          <Ctry>ES</Ctry>
          <AdrLine>1/3 INDIVISO,C/PLAZA CASTILLEJOS N. 3</AdrLine>
          <AdrLine>MARACENA 18200 GRANADA</AdrLine>
        </PstlAdr>
        </Dbtr>
        <DbtrAcct>
          <Id>
            <IBAN>ES8821030917040030002294</IBAN>
          </Id>
        </DbtrAcct>
        <Purp>
          <Cd>TRAD</Cd>
        </Purp>
        <RmtInf>
        <Ustrd>Recibo A00096 de fecha 01/05/2014</Ustrd>
        </RmtInf>
      </DrctDbtTxInf>
    </PmtInf>
  </CstmrDrctDbtInitn>
</Document>
