<?xml version="1.0" encoding="UTF-8" ?>
<Document xmlns:xsi="http://www.w3.org/2001/XMLSchema-instance" xmlns="urn:iso:std:iso:20022:tech:xsd:pain.008.001.02">
  <CstmrDrctDbtInitn>
    <GrpHdr>
      <MsgId>24295232X2014-04-30T212634</MsgId>
      <CreDtTm>2014-04-30T21:26:34</CreDtTm>
      <NbOfTxs>2</NbOfTxs>
      <CtrlSum>875.09</CtrlSum>
      <InitgPty>
        <Nm>MARIA VICTORIA GONZALEZ MATEOS</Nm>
        <Id>
          <OrgId>
            <Othr>
              <Id>ES5900124295232X</Id>
            </Othr>
          </OrgId>
        </Id>
      </InitgPty>
    </GrpHdr>
    <PmtInf>
      <PmtInfId>24295232X2014-04-30T212634</PmtInfId>
      <PmtMtd>DD</PmtMtd>
      <NbOfTxs>2</NbOfTxs>
      <CtrlSum>875.09</CtrlSum>
      <PmtTpInf><SvcLvl><Cd>SEPA</Cd></SvcLvl><LclInstrm><Cd>CORE</Cd></LclInstrm><SeqTp>RCUR</SeqTp></PmtTpInf>
      <ReqdColltnDt>2014-05-01</ReqdColltnDt>
      <Cdtr>
        <Nm>MARIA VICTORIA GONZALEZ MATEOS</Nm>
        <PstlAdr>
          <Ctry>ES</Ctry>
          <AdrLine>C/RECOGIDAS N. 9</AdrLine>
          <AdrLine>18005 GRANADA</AdrLine>
        </PstlAdr>
      </Cdtr>
      <CdtrAcct>
        <Id><IBAN>ES3804873373292000005032</IBAN></Id>
        <Ccy>EUR</Ccy>
      </CdtrAcct>
      <CdtrAgt>
        <FinInstnId><BIC>GBMNESMMXXX</BIC></FinInstnId>
      </CdtrAgt>
      <ChrgBr>SLEV</ChrgBr>
      <CdtrSchmeId>
        <Id>
          <PrvtId>
            <Othr>
              <Id>ES5900124295232X</Id>
              <SchmeNm>
                <Prtry>SEPA</Prtry>
              </SchmeNm>
            </Othr>
          </PrvtId>
        </Id>
      </CdtrSchmeId>
      <DrctDbtTxInf>
        <PmtId>
          <EndToEndId>A00445</EndToEndId>
        </PmtId>
        <InstdAmt Ccy="EUR">445.09</InstdAmt>
        <DrctDbtTx>
          <MndtRltdInf>
            <MndtId>I01263</MndtId>
            <DtOfSgntr>2009-10-31</DtOfSgntr>
            <AmdmntInd>false</AmdmntInd>
          </MndtRltdInf>
        </DrctDbtTx>
        <DbtrAgt>
          <FinInstnId>
            <BIC>CECAESMM031</BIC>
          </FinInstnId>
        </DbtrAgt>
        <Dbtr>
        <Nm>FERNANDO SALCEDO MARTIN</Nm>
        <PstlAdr>
          <Ctry>ES</Ctry>
          <AdrLine>LOCAL COMERCIAL N. 4, CUESTA DEL PROGRESO N. </AdrLine>
          <AdrLine>GRANADA 18009 GRANADA</AdrLine>
        </PstlAdr>
        </Dbtr>
        <DbtrAcct>
          <Id>
            <IBAN>ES8820310161270200825996</IBAN>
          </Id>
        </DbtrAcct>
        <Purp>
          <Cd>TRAD</Cd>
        </Purp>
        <RmtInf>
        <Ustrd>Recibo A00445 de fecha 01/05/2014</Ustrd>
        </RmtInf>
      </DrctDbtTxInf>
      <DrctDbtTxInf>
        <PmtId>
          <EndToEndId>A00448</EndToEndId>
        </PmtId>
        <InstdAmt Ccy="EUR">430.00</InstdAmt>
        <DrctDbtTx>
          <MndtRltdInf>
            <MndtId>I01283</MndtId>
            <DtOfSgntr>2009-10-31</DtOfSgntr>
            <AmdmntInd>false</AmdmntInd>
          </MndtRltdInf>
        </DrctDbtTx>
        <DbtrAgt>
          <FinInstnId>
            <BIC>BBVAESMMXXX</BIC>
          </FinInstnId>
        </DbtrAgt>
        <Dbtr>
        <Nm>LUCIA GONZALEZ BAZAN</Nm>
        <PstlAdr>
          <Ctry>ES</Ctry>
          <AdrLine>PISO 5. B IZQUIERDA, AVD.CARLOS HAYA N. 44</AdrLine>
          <AdrLine>MALAGA 29010 MALAGA</AdrLine>
        </PstlAdr>
        </Dbtr>
        <DbtrAcct>
          <Id>
            <IBAN>ES4401824100130201701970</IBAN>
          </Id>
        </DbtrAcct>
        <Purp>
          <Cd>TRAD</Cd>
        </Purp>
        <RmtInf>
        <Ustrd>Recibo A00448 de fecha 01/05/2014</Ustrd>
        </RmtInf>
      </DrctDbtTxInf>
    </PmtInf>
  </CstmrDrctDbtInitn>
</Document>
