<?xml version="1.0" encoding="UTF-8" ?>
<Document xmlns:xsi="http://www.w3.org/2001/XMLSchema-instance" xmlns="urn:iso:std:iso:20022:tech:xsd:pain.008.001.02">
  <CstmrDrctDbtInitn>
    <GrpHdr>
      <MsgId>B180404512014-04-30T211512</MsgId>
      <CreDtTm>2014-04-30T21:15:12</CreDtTm>
      <NbOfTxs>66</NbOfTxs>
      <CtrlSum>23581.74</CtrlSum>
      <InitgPty>
        <Nm>CONSTRUCCIONES GARCIA SEGOVIA, S.L.</Nm>
        <Id>
          <OrgId>
            <Othr>
              <Id>ES97001B18040451</Id>
            </Othr>
          </OrgId>
        </Id>
      </InitgPty>
    </GrpHdr>
    <PmtInf>
      <PmtInfId>B180404512014-04-30T211512</PmtInfId>
      <PmtMtd>DD</PmtMtd>
      <NbOfTxs>66</NbOfTxs>
      <CtrlSum>23581.74</CtrlSum>
      <PmtTpInf><SvcLvl><Cd>SEPA</Cd></SvcLvl><LclInstrm><Cd>CORE</Cd></LclInstrm><SeqTp>RCUR</SeqTp></PmtTpInf>
      <ReqdColltnDt>2014-05-01</ReqdColltnDt>
      <Cdtr>
        <Nm>CONSTRUCCIONES GARCIA SEGOVIA, S.L.</Nm>
        <PstlAdr>
          <Ctry>ES</Ctry>
          <AdrLine>C/ DOCTOR ABELARDO MORA, 4 BAJO</AdrLine>
          <AdrLine>18012 GRANADA</AdrLine>
        </PstlAdr>
      </Cdtr>
      <CdtrAcct>
        <Id><IBAN>ES4504873373212000005201</IBAN></Id>
        <Ccy>EUR</Ccy>
      </CdtrAcct>
      <CdtrAgt>
        <FinInstnId><BIC>GBMNESMMXXX</BIC></FinInstnId>
      </CdtrAgt>
      <ChrgBr>SLEV</ChrgBr>
      <CdtrSchmeId>
        <Id>
          <PrvtId>
            <Othr>
              <Id>ES97001B18040451</Id>
              <SchmeNm>
                <Prtry>SEPA</Prtry>
              </SchmeNm>
            </Othr>
          </PrvtId>
        </Id>
      </CdtrSchmeId>
      <DrctDbtTxInf>
        <PmtId>
          <EndToEndId>A06559</EndToEndId>
        </PmtId>
        <InstdAmt Ccy="EUR">84.70</InstdAmt>
        <DrctDbtTx>
          <MndtRltdInf>
            <MndtId>I01133</MndtId>
            <DtOfSgntr>2009-10-31</DtOfSgntr>
            <AmdmntInd>false</AmdmntInd>
          </MndtRltdInf>
        </DrctDbtTx>
        <DbtrAgt>
          <FinInstnId>
            <BIC>BARCESMMXXX</BIC>
          </FinInstnId>
        </DbtrAgt>
        <Dbtr>
        <Nm>BENJAMIN ORTIZ MORALES</Nm>
        <PstlAdr>
          <Ctry>ES</Ctry>
          <AdrLine>C/TORTOLA N. 31 - APARCAMIENTO N. 34</AdrLine>
          <AdrLine>GRANADA 18014 GRANADA</AdrLine>
        </PstlAdr>
        </Dbtr>
        <DbtrAcct>
          <Id>
            <IBAN>ES7400650211740001050975</IBAN>
          </Id>
        </DbtrAcct>
        <Purp>
          <Cd>TRAD</Cd>
        </Purp>
        <RmtInf>
        <Ustrd>Recibo A06559 de fecha 01/05/2014</Ustrd>
        </RmtInf>
      </DrctDbtTxInf>
      <DrctDbtTxInf>
        <PmtId>
          <EndToEndId>A06560</EndToEndId>
        </PmtId>
        <InstdAmt Ccy="EUR">72.60</InstdAmt>
        <DrctDbtTx>
          <MndtRltdInf>
            <MndtId>I01300</MndtId>
            <DtOfSgntr>2009-10-31</DtOfSgntr>
            <AmdmntInd>false</AmdmntInd>
          </MndtRltdInf>
        </DrctDbtTx>
        <DbtrAgt>
          <FinInstnId>
            <BIC>GBMNESMMXXX</BIC>
          </FinInstnId>
        </DbtrAgt>
        <Dbtr>
        <Nm>IRENE RODENAS MARTIN</Nm>
        <PstlAdr>
          <Ctry>ES</Ctry>
          <AdrLine>C/TORTOLA N. 31 - APARCAMIENTO N. 37</AdrLine>
          <AdrLine>GRANADA 18014 GRANADA</AdrLine>
        </PstlAdr>
        </Dbtr>
        <DbtrAcct>
          <Id>
            <IBAN>ES6004873127719000004746</IBAN>
          </Id>
        </DbtrAcct>
        <Purp>
          <Cd>TRAD</Cd>
        </Purp>
        <RmtInf>
        <Ustrd>Recibo A06560 de fecha 01/05/2014</Ustrd>
        </RmtInf>
      </DrctDbtTxInf>
      <DrctDbtTxInf>
        <PmtId>
          <EndToEndId>A06561</EndToEndId>
        </PmtId>
        <InstdAmt Ccy="EUR">68.97</InstdAmt>
        <DrctDbtTx>
          <MndtRltdInf>
            <MndtId>I00573</MndtId>
            <DtOfSgntr>2009-10-31</DtOfSgntr>
            <AmdmntInd>false</AmdmntInd>
          </MndtRltdInf>
        </DrctDbtTx>
        <DbtrAgt>
          <FinInstnId>
            <BIC>UCJAES2MXXX</BIC>
          </FinInstnId>
        </DbtrAgt>
        <Dbtr>
        <Nm>CRISTINA JIMENEZ DEL PINO</Nm>
        <PstlAdr>
          <Ctry>ES</Ctry>
          <AdrLine>C/TORTOLA N. 31 - APARCAMIENTO N. 3</AdrLine>
          <AdrLine>GRANADA 18014 GRANADA</AdrLine>
        </PstlAdr>
        </Dbtr>
        <DbtrAcct>
          <Id>
            <IBAN>ES9321032038010010027448</IBAN>
          </Id>
        </DbtrAcct>
        <Purp>
          <Cd>TRAD</Cd>
        </Purp>
        <RmtInf>
        <Ustrd>Recibo A06561 de fecha 01/05/2014</Ustrd>
        </RmtInf>
      </DrctDbtTxInf>
      <DrctDbtTxInf>
        <PmtId>
          <EndToEndId>A06562</EndToEndId>
        </PmtId>
        <InstdAmt Ccy="EUR">35.00</InstdAmt>
        <DrctDbtTx>
          <MndtRltdInf>
            <MndtId>I00435</MndtId>
            <DtOfSgntr>2009-10-31</DtOfSgntr>
            <AmdmntInd>false</AmdmntInd>
          </MndtRltdInf>
        </DrctDbtTx>
        <DbtrAgt>
          <FinInstnId>
            <BIC>UCJAES2MXXX</BIC>
          </FinInstnId>
        </DbtrAgt>
        <Dbtr>
        <Nm>ANTONIA PEREZ BANIO</Nm>
        <PstlAdr>
          <Ctry>ES</Ctry>
          <AdrLine>C/CAMPANEROS N. 4-6, APARCAMIENTO N. 4</AdrLine>
          <AdrLine>ANTEQUERA 29200 MALAGA</AdrLine>
        </PstlAdr>
        </Dbtr>
        <DbtrAcct>
          <Id>
            <IBAN>ES4421032025130010017043</IBAN>
          </Id>
        </DbtrAcct>
        <Purp>
          <Cd>TRAD</Cd>
        </Purp>
        <RmtInf>
        <Ustrd>Recibo A06562 de fecha 01/05/2014</Ustrd>
        </RmtInf>
      </DrctDbtTxInf>
      <DrctDbtTxInf>
        <PmtId>
          <EndToEndId>A06563</EndToEndId>
        </PmtId>
        <InstdAmt Ccy="EUR">67.76</InstdAmt>
        <DrctDbtTx>
          <MndtRltdInf>
            <MndtId>I00878</MndtId>
            <DtOfSgntr>2009-10-31</DtOfSgntr>
            <AmdmntInd>false</AmdmntInd>
          </MndtRltdInf>
        </DrctDbtTx>
        <DbtrAgt>
          <FinInstnId>
            <BIC>BSABESBBXXX</BIC>
          </FinInstnId>
        </DbtrAgt>
        <Dbtr>
        <Nm>MIGUEL FORTE JIMENEZ</Nm>
        <PstlAdr>
          <Ctry>ES</Ctry>
          <AdrLine>C/CAMPANEROS N. 4-6, APARCAMIENTO N. 8</AdrLine>
          <AdrLine>ANTEQUERA 29200 MALAGA</AdrLine>
        </PstlAdr>
        </Dbtr>
        <DbtrAcct>
          <Id>
            <IBAN>ES9200817470350001086514</IBAN>
          </Id>
        </DbtrAcct>
        <Purp>
          <Cd>TRAD</Cd>
        </Purp>
        <RmtInf>
        <Ustrd>Recibo A06563 de fecha 01/05/2014</Ustrd>
        </RmtInf>
      </DrctDbtTxInf>
      <DrctDbtTxInf>
        <PmtId>
          <EndToEndId>A06564</EndToEndId>
        </PmtId>
        <InstdAmt Ccy="EUR">73.00</InstdAmt>
        <DrctDbtTx>
          <MndtRltdInf>
            <MndtId>I00958</MndtId>
            <DtOfSgntr>2009-10-31</DtOfSgntr>
            <AmdmntInd>false</AmdmntInd>
          </MndtRltdInf>
        </DrctDbtTx>
        <DbtrAgt>
          <FinInstnId>
            <BIC>UCJAES2MXXX</BIC>
          </FinInstnId>
        </DbtrAgt>
        <Dbtr>
        <Nm>ANTONIO MARTINEZ TORAL</Nm>
        <PstlAdr>
          <Ctry>ES</Ctry>
          <AdrLine>C/CAMPANEROS N. 4-6, APARCAMIENTO N. 11</AdrLine>
          <AdrLine>ANTEQUERA 29200 MALAGA</AdrLine>
        </PstlAdr>
        </Dbtr>
        <DbtrAcct>
          <Id>
            <IBAN>ES4721033042210010014926</IBAN>
          </Id>
        </DbtrAcct>
        <Purp>
          <Cd>TRAD</Cd>
        </Purp>
        <RmtInf>
        <Ustrd>Recibo A06564 de fecha 01/05/2014</Ustrd>
        </RmtInf>
      </DrctDbtTxInf>
      <DrctDbtTxInf>
        <PmtId>
          <EndToEndId>A06565</EndToEndId>
        </PmtId>
        <InstdAmt Ccy="EUR">50.00</InstdAmt>
        <DrctDbtTx>
          <MndtRltdInf>
            <MndtId>I01426</MndtId>
            <DtOfSgntr>2009-10-31</DtOfSgntr>
            <AmdmntInd>false</AmdmntInd>
          </MndtRltdInf>
        </DrctDbtTx>
        <DbtrAgt>
          <FinInstnId>
            <BIC>ESPCESMMXXX</BIC>
          </FinInstnId>
        </DbtrAgt>
        <Dbtr>
        <Nm>OSCAR SEGOVIA VENEGAS</Nm>
        <PstlAdr>
          <Ctry>ES</Ctry>
          <AdrLine>C/CAMPANEROS N. 4-6, APARCAMIENTO N. 14</AdrLine>
          <AdrLine>ANTEQUERA 29200 MALAGA</AdrLine>
        </PstlAdr>
        </Dbtr>
        <DbtrAcct>
          <Id>
            <IBAN>ES4100304364730000224271</IBAN>
          </Id>
        </DbtrAcct>
        <Purp>
          <Cd>TRAD</Cd>
        </Purp>
        <RmtInf>
        <Ustrd>Recibo A06565 de fecha 01/05/2014</Ustrd>
        </RmtInf>
      </DrctDbtTxInf>
      <DrctDbtTxInf>
        <PmtId>
          <EndToEndId>A06566</EndToEndId>
        </PmtId>
        <InstdAmt Ccy="EUR">50.00</InstdAmt>
        <DrctDbtTx>
          <MndtRltdInf>
            <MndtId>I01406</MndtId>
            <DtOfSgntr>2009-10-31</DtOfSgntr>
            <AmdmntInd>false</AmdmntInd>
          </MndtRltdInf>
        </DrctDbtTx>
        <DbtrAgt>
          <FinInstnId>
            <BIC>UCJAES2MXXX</BIC>
          </FinInstnId>
        </DbtrAgt>
        <Dbtr>
        <Nm>MARIA TERESA PEREZ RUIZ</Nm>
        <PstlAdr>
          <Ctry>ES</Ctry>
          <AdrLine>C/CAMPANEROS N. 4-6, APARCAMIENTO N. 16</AdrLine>
          <AdrLine>ANTEQUERA 29200 MALAGA</AdrLine>
        </PstlAdr>
        </Dbtr>
        <DbtrAcct>
          <Id>
            <IBAN>ES8221030228730010049240</IBAN>
          </Id>
        </DbtrAcct>
        <Purp>
          <Cd>TRAD</Cd>
        </Purp>
        <RmtInf>
        <Ustrd>Recibo A06566 de fecha 01/05/2014</Ustrd>
        </RmtInf>
      </DrctDbtTxInf>
      <DrctDbtTxInf>
        <PmtId>
          <EndToEndId>A06567</EndToEndId>
        </PmtId>
        <InstdAmt Ccy="EUR">50.00</InstdAmt>
        <DrctDbtTx>
          <MndtRltdInf>
            <MndtId>I00848</MndtId>
            <DtOfSgntr>2009-10-31</DtOfSgntr>
            <AmdmntInd>false</AmdmntInd>
          </MndtRltdInf>
        </DrctDbtTx>
        <DbtrAgt>
          <FinInstnId>
            <BIC>CSURES2CXXX</BIC>
          </FinInstnId>
        </DbtrAgt>
        <Dbtr>
        <Nm>ESTHER ROMERO GOMEZ</Nm>
        <PstlAdr>
          <Ctry>ES</Ctry>
          <AdrLine>C/CAMPANEROS N. 4-6, APARCAMIENTO N. 17</AdrLine>
          <AdrLine>ANTEQUERA 29200 MALAGA</AdrLine>
        </PstlAdr>
        </Dbtr>
        <DbtrAcct>
          <Id>
            <IBAN>ES8720246028123006015460</IBAN>
          </Id>
        </DbtrAcct>
        <Purp>
          <Cd>TRAD</Cd>
        </Purp>
        <RmtInf>
        <Ustrd>Recibo A06567 de fecha 01/05/2014</Ustrd>
        </RmtInf>
      </DrctDbtTxInf>
      <DrctDbtTxInf>
        <PmtId>
          <EndToEndId>A06568</EndToEndId>
        </PmtId>
        <InstdAmt Ccy="EUR">50.00</InstdAmt>
        <DrctDbtTx>
          <MndtRltdInf>
            <MndtId>I00915</MndtId>
            <DtOfSgntr>2009-10-31</DtOfSgntr>
            <AmdmntInd>false</AmdmntInd>
          </MndtRltdInf>
        </DrctDbtTx>
        <DbtrAgt>
          <FinInstnId>
            <BIC>BBVAESMMXXX</BIC>
          </FinInstnId>
        </DbtrAgt>
        <Dbtr>
        <Nm>JUAN JOSE MORENO TORRALVO</Nm>
        <PstlAdr>
          <Ctry>ES</Ctry>
          <AdrLine>C/CAMPANEROS N. 4-6, APARCAMIENTO N. 18</AdrLine>
          <AdrLine>ANTEQUERA 29200 MALAGA</AdrLine>
        </PstlAdr>
        </Dbtr>
        <DbtrAcct>
          <Id>
            <IBAN>ES3001823365100201546283</IBAN>
          </Id>
        </DbtrAcct>
        <Purp>
          <Cd>TRAD</Cd>
        </Purp>
        <RmtInf>
        <Ustrd>Recibo A06568 de fecha 01/05/2014</Ustrd>
        </RmtInf>
      </DrctDbtTxInf>
      <DrctDbtTxInf>
        <PmtId>
          <EndToEndId>A06569</EndToEndId>
        </PmtId>
        <InstdAmt Ccy="EUR">88.33</InstdAmt>
        <DrctDbtTx>
          <MndtRltdInf>
            <MndtId>I00890</MndtId>
            <DtOfSgntr>2009-10-31</DtOfSgntr>
            <AmdmntInd>false</AmdmntInd>
          </MndtRltdInf>
        </DrctDbtTx>
        <DbtrAgt>
          <FinInstnId>
            <BIC>BCOEESMM023</BIC>
          </FinInstnId>
        </DbtrAgt>
        <Dbtr>
        <Nm>CLINICA DENTAL FRATIMAR S.L.</Nm>
        <PstlAdr>
          <Ctry>ES</Ctry>
          <AdrLine>C/ALAMEDA N. 18, APARCAMIENTO N. 11</AdrLine>
          <AdrLine>ANTEQUERA 29200 MALAGA</AdrLine>
        </PstlAdr>
        </Dbtr>
        <DbtrAcct>
          <Id>
            <IBAN>ES4130230113855382294600</IBAN>
          </Id>
        </DbtrAcct>
        <Purp>
          <Cd>TRAD</Cd>
        </Purp>
        <RmtInf>
        <Ustrd>Recibo A06569 de fecha 01/05/2014</Ustrd>
        </RmtInf>
      </DrctDbtTxInf>
      <DrctDbtTxInf>
        <PmtId>
          <EndToEndId>A06570</EndToEndId>
        </PmtId>
        <InstdAmt Ccy="EUR">72.60</InstdAmt>
        <DrctDbtTx>
          <MndtRltdInf>
            <MndtId>I01334</MndtId>
            <DtOfSgntr>2009-10-31</DtOfSgntr>
            <AmdmntInd>false</AmdmntInd>
          </MndtRltdInf>
        </DrctDbtTx>
        <DbtrAgt>
          <FinInstnId>
            <BIC>UCJAES2MXXX</BIC>
          </FinInstnId>
        </DbtrAgt>
        <Dbtr>
        <Nm>ACEDO HERMANOS, S.L.</Nm>
        <PstlAdr>
          <Ctry>ES</Ctry>
          <AdrLine>C/ALAMEDA N. 18, APARCAMIENTO N. 21</AdrLine>
          <AdrLine>ANTEQUERA 29200 MALAGA</AdrLine>
        </PstlAdr>
        </Dbtr>
        <DbtrAcct>
          <Id>
            <IBAN>ES2621031004910030001199</IBAN>
          </Id>
        </DbtrAcct>
        <Purp>
          <Cd>TRAD</Cd>
        </Purp>
        <RmtInf>
        <Ustrd>Recibo A06570 de fecha 01/05/2014</Ustrd>
        </RmtInf>
      </DrctDbtTxInf>
      <DrctDbtTxInf>
        <PmtId>
          <EndToEndId>A06571</EndToEndId>
        </PmtId>
        <InstdAmt Ccy="EUR">30.00</InstdAmt>
        <DrctDbtTx>
          <MndtRltdInf>
            <MndtId>I00908</MndtId>
            <DtOfSgntr>2009-10-31</DtOfSgntr>
            <AmdmntInd>false</AmdmntInd>
          </MndtRltdInf>
        </DrctDbtTx>
        <DbtrAgt>
          <FinInstnId>
            <BIC>CCRIES2AXXX</BIC>
          </FinInstnId>
        </DbtrAgt>
        <Dbtr>
        <Nm>JOSE FERNANDEZ BARBA</Nm>
        <PstlAdr>
          <Ctry>ES</Ctry>
          <AdrLine>C/ALAMEDA N. 18, APARCAMIENTO N. 23</AdrLine>
          <AdrLine>ANTEQUERA 29200 MALAGA</AdrLine>
        </PstlAdr>
        </Dbtr>
        <DbtrAcct>
          <Id>
            <IBAN>ES8630580718362810823259</IBAN>
          </Id>
        </DbtrAcct>
        <Purp>
          <Cd>TRAD</Cd>
        </Purp>
        <RmtInf>
        <Ustrd>Recibo A06571 de fecha 01/05/2014</Ustrd>
        </RmtInf>
      </DrctDbtTxInf>
      <DrctDbtTxInf>
        <PmtId>
          <EndToEndId>A06573</EndToEndId>
        </PmtId>
        <InstdAmt Ccy="EUR">475.00</InstdAmt>
        <DrctDbtTx>
          <MndtRltdInf>
            <MndtId>I01167</MndtId>
            <DtOfSgntr>2009-10-31</DtOfSgntr>
            <AmdmntInd>false</AmdmntInd>
          </MndtRltdInf>
        </DrctDbtTx>
        <DbtrAgt>
          <FinInstnId>
            <BIC>UCJAES2MXXX</BIC>
          </FinInstnId>
        </DbtrAgt>
        <Dbtr>
        <Nm>RAFAEL HURTADO CABELLO</Nm>
        <PstlAdr>
          <Ctry>ES</Ctry>
          <AdrLine>PISO CUARTO -F-, C/FERRANDIZ N. 22</AdrLine>
          <AdrLine>MALAGA 29000 MALAGA</AdrLine>
        </PstlAdr>
        </Dbtr>
        <DbtrAcct>
          <Id>
            <IBAN>ES9821030151360010074597</IBAN>
          </Id>
        </DbtrAcct>
        <Purp>
          <Cd>TRAD</Cd>
        </Purp>
        <RmtInf>
        <Ustrd>Recibo A06573 de fecha 01/05/2014</Ustrd>
        </RmtInf>
      </DrctDbtTxInf>
      <DrctDbtTxInf>
        <PmtId>
          <EndToEndId>A06575</EndToEndId>
        </PmtId>
        <InstdAmt Ccy="EUR">380.38</InstdAmt>
        <DrctDbtTx>
          <MndtRltdInf>
            <MndtId>I01406</MndtId>
            <DtOfSgntr>2009-10-31</DtOfSgntr>
            <AmdmntInd>false</AmdmntInd>
          </MndtRltdInf>
        </DrctDbtTx>
        <DbtrAgt>
          <FinInstnId>
            <BIC>UCJAES2MXXX</BIC>
          </FinInstnId>
        </DbtrAgt>
        <Dbtr>
        <Nm>MARIA TERESA PEREZ RUIZ</Nm>
        <PstlAdr>
          <Ctry>ES</Ctry>
          <AdrLine>C/CAMPANEROS N. 4-6, APMTO.1. A</AdrLine>
          <AdrLine>ANTEQUERA 29200 MALAGA</AdrLine>
        </PstlAdr>
        </Dbtr>
        <DbtrAcct>
          <Id>
            <IBAN>ES8221030228730010049240</IBAN>
          </Id>
        </DbtrAcct>
        <Purp>
          <Cd>TRAD</Cd>
        </Purp>
        <RmtInf>
        <Ustrd>Recibo A06575 de fecha 01/05/2014</Ustrd>
        </RmtInf>
      </DrctDbtTxInf>
      <DrctDbtTxInf>
        <PmtId>
          <EndToEndId>A06576</EndToEndId>
        </PmtId>
        <InstdAmt Ccy="EUR">318.28</InstdAmt>
        <DrctDbtTx>
          <MndtRltdInf>
            <MndtId>I01413</MndtId>
            <DtOfSgntr>2009-10-31</DtOfSgntr>
            <AmdmntInd>false</AmdmntInd>
          </MndtRltdInf>
        </DrctDbtTx>
        <DbtrAgt>
          <FinInstnId>
            <BIC>CAIXESBBXXX</BIC>
          </FinInstnId>
        </DbtrAgt>
        <Dbtr>
        <Nm>MARIA DEL CARMEN ANGUITA ARROYO</Nm>
        <PstlAdr>
          <Ctry>ES</Ctry>
          <AdrLine>C/CAMPANEROS N. 4-6, APMTO.1. C</AdrLine>
          <AdrLine>ANTEQUERA 29200 MALAGA</AdrLine>
        </PstlAdr>
        </Dbtr>
        <DbtrAcct>
          <Id>
            <IBAN>ES8521001979210200127147</IBAN>
          </Id>
        </DbtrAcct>
        <Purp>
          <Cd>TRAD</Cd>
        </Purp>
        <RmtInf>
        <Ustrd>Recibo A06576 de fecha 01/05/2014</Ustrd>
        </RmtInf>
      </DrctDbtTxInf>
      <DrctDbtTxInf>
        <PmtId>
          <EndToEndId>A06577</EndToEndId>
        </PmtId>
        <InstdAmt Ccy="EUR">437.58</InstdAmt>
        <DrctDbtTx>
          <MndtRltdInf>
            <MndtId>I00848</MndtId>
            <DtOfSgntr>2009-10-31</DtOfSgntr>
            <AmdmntInd>false</AmdmntInd>
          </MndtRltdInf>
        </DrctDbtTx>
        <DbtrAgt>
          <FinInstnId>
            <BIC>CSURES2CXXX</BIC>
          </FinInstnId>
        </DbtrAgt>
        <Dbtr>
        <Nm>ESTHER ROMERO GOMEZ</Nm>
        <PstlAdr>
          <Ctry>ES</Ctry>
          <AdrLine>C/CAMPANEROS N. 4-6, APMTO.1. D</AdrLine>
          <AdrLine>ANTEQUERA 29200 MALAGA</AdrLine>
        </PstlAdr>
        </Dbtr>
        <DbtrAcct>
          <Id>
            <IBAN>ES8720246028123006015460</IBAN>
          </Id>
        </DbtrAcct>
        <Purp>
          <Cd>TRAD</Cd>
        </Purp>
        <RmtInf>
        <Ustrd>Recibo A06577 de fecha 01/05/2014</Ustrd>
        </RmtInf>
      </DrctDbtTxInf>
      <DrctDbtTxInf>
        <PmtId>
          <EndToEndId>A06578</EndToEndId>
        </PmtId>
        <InstdAmt Ccy="EUR">320.51</InstdAmt>
        <DrctDbtTx>
          <MndtRltdInf>
            <MndtId>I01380</MndtId>
            <DtOfSgntr>2009-10-31</DtOfSgntr>
            <AmdmntInd>false</AmdmntInd>
          </MndtRltdInf>
        </DrctDbtTx>
        <DbtrAgt>
          <FinInstnId>
            <BIC>CSURES2CXXX</BIC>
          </FinInstnId>
        </DbtrAgt>
        <Dbtr>
        <Nm>RAQUEL BRAVO MADUENIO</Nm>
        <PstlAdr>
          <Ctry>ES</Ctry>
          <AdrLine>C/CAMPANEROS N. 4-6, APMTO.1. E</AdrLine>
          <AdrLine>ANTEQUERA 29200 MALAGA</AdrLine>
        </PstlAdr>
        </Dbtr>
        <DbtrAcct>
          <Id>
            <IBAN>ES5302370193119161021911</IBAN>
          </Id>
        </DbtrAcct>
        <Purp>
          <Cd>TRAD</Cd>
        </Purp>
        <RmtInf>
        <Ustrd>Recibo A06578 de fecha 01/05/2014</Ustrd>
        </RmtInf>
      </DrctDbtTxInf>
      <DrctDbtTxInf>
        <PmtId>
          <EndToEndId>A06581</EndToEndId>
        </PmtId>
        <InstdAmt Ccy="EUR">457.74</InstdAmt>
        <DrctDbtTx>
          <MndtRltdInf>
            <MndtId>I01011</MndtId>
            <DtOfSgntr>2009-10-31</DtOfSgntr>
            <AmdmntInd>false</AmdmntInd>
          </MndtRltdInf>
        </DrctDbtTx>
        <DbtrAgt>
          <FinInstnId>
            <BIC>ESPCESMMXXX</BIC>
          </FinInstnId>
        </DbtrAgt>
        <Dbtr>
        <Nm>FRANCISCO ORTIZ GOMEZ</Nm>
        <PstlAdr>
          <Ctry>ES</Ctry>
          <AdrLine>C/CAMPANEROS N. 4-6, APMTO.2. B</AdrLine>
          <AdrLine>ANTEQUERA 29200 MALAGA</AdrLine>
        </PstlAdr>
        </Dbtr>
        <DbtrAcct>
          <Id>
            <IBAN>ES6700304364770386805273</IBAN>
          </Id>
        </DbtrAcct>
        <Purp>
          <Cd>TRAD</Cd>
        </Purp>
        <RmtInf>
        <Ustrd>Recibo A06581 de fecha 01/05/2014</Ustrd>
        </RmtInf>
      </DrctDbtTxInf>
      <DrctDbtTxInf>
        <PmtId>
          <EndToEndId>A06582</EndToEndId>
        </PmtId>
        <InstdAmt Ccy="EUR">311.98</InstdAmt>
        <DrctDbtTx>
          <MndtRltdInf>
            <MndtId>I01418</MndtId>
            <DtOfSgntr>2009-10-31</DtOfSgntr>
            <AmdmntInd>false</AmdmntInd>
          </MndtRltdInf>
        </DrctDbtTx>
        <DbtrAgt>
          <FinInstnId>
            <BIC>BSABESBBXXX</BIC>
          </FinInstnId>
        </DbtrAgt>
        <Dbtr>
        <Nm>JOSE ANTONIO SANCHEZ PEREZ</Nm>
        <PstlAdr>
          <Ctry>ES</Ctry>
          <AdrLine>C/CAMPANEROS N. 4-6, APMTO.2. C</AdrLine>
          <AdrLine>ANTEQUERA 29200 MALAGA</AdrLine>
        </PstlAdr>
        </Dbtr>
        <DbtrAcct>
          <Id>
            <IBAN>ES3600811073120006354044</IBAN>
          </Id>
        </DbtrAcct>
        <Purp>
          <Cd>TRAD</Cd>
        </Purp>
        <RmtInf>
        <Ustrd>Recibo A06582 de fecha 01/05/2014</Ustrd>
        </RmtInf>
      </DrctDbtTxInf>
      <DrctDbtTxInf>
        <PmtId>
          <EndToEndId>A06583</EndToEndId>
        </PmtId>
        <InstdAmt Ccy="EUR">419.77</InstdAmt>
        <DrctDbtTx>
          <MndtRltdInf>
            <MndtId>I00435</MndtId>
            <DtOfSgntr>2009-10-31</DtOfSgntr>
            <AmdmntInd>false</AmdmntInd>
          </MndtRltdInf>
        </DrctDbtTx>
        <DbtrAgt>
          <FinInstnId>
            <BIC>UCJAES2MXXX</BIC>
          </FinInstnId>
        </DbtrAgt>
        <Dbtr>
        <Nm>ANTONIA PEREZ BANIO</Nm>
        <PstlAdr>
          <Ctry>ES</Ctry>
          <AdrLine>C/CAMPANEROS N. 4-6, APMTO.2. D</AdrLine>
          <AdrLine>ANTEQUERA 29200 MALAGA</AdrLine>
        </PstlAdr>
        </Dbtr>
        <DbtrAcct>
          <Id>
            <IBAN>ES4421032025130010017043</IBAN>
          </Id>
        </DbtrAcct>
        <Purp>
          <Cd>TRAD</Cd>
        </Purp>
        <RmtInf>
        <Ustrd>Recibo A06583 de fecha 01/05/2014</Ustrd>
        </RmtInf>
      </DrctDbtTxInf>
      <DrctDbtTxInf>
        <PmtId>
          <EndToEndId>A06584</EndToEndId>
        </PmtId>
        <InstdAmt Ccy="EUR">399.71</InstdAmt>
        <DrctDbtTx>
          <MndtRltdInf>
            <MndtId>I00950</MndtId>
            <DtOfSgntr>2009-10-31</DtOfSgntr>
            <AmdmntInd>false</AmdmntInd>
          </MndtRltdInf>
        </DrctDbtTx>
        <DbtrAgt>
          <FinInstnId>
            <BIC>UCJAES2MXXX</BIC>
          </FinInstnId>
        </DbtrAgt>
        <Dbtr>
        <Nm>JOSEFA CABELLO ORTIZ</Nm>
        <PstlAdr>
          <Ctry>ES</Ctry>
          <AdrLine>C/CAMPANEROS N. 4-6, APMTO.2. E</AdrLine>
          <AdrLine>ANTEQUERA 29200 MALAGA</AdrLine>
        </PstlAdr>
        </Dbtr>
        <DbtrAcct>
          <Id>
            <IBAN>ES8821032001780010025906</IBAN>
          </Id>
        </DbtrAcct>
        <Purp>
          <Cd>TRAD</Cd>
        </Purp>
        <RmtInf>
        <Ustrd>Recibo A06584 de fecha 01/05/2014</Ustrd>
        </RmtInf>
      </DrctDbtTxInf>
      <DrctDbtTxInf>
        <PmtId>
          <EndToEndId>A06587</EndToEndId>
        </PmtId>
        <InstdAmt Ccy="EUR">318.69</InstdAmt>
        <DrctDbtTx>
          <MndtRltdInf>
            <MndtId>I01393</MndtId>
            <DtOfSgntr>2009-10-31</DtOfSgntr>
            <AmdmntInd>false</AmdmntInd>
          </MndtRltdInf>
        </DrctDbtTx>
        <DbtrAgt>
          <FinInstnId>
            <BIC>CAIXESBBXXX</BIC>
          </FinInstnId>
        </DbtrAgt>
        <Dbtr>
        <Nm>LORENA TORTOSA RUZ</Nm>
        <PstlAdr>
          <Ctry>ES</Ctry>
          <AdrLine>C/CAMPANEROS N. 4-6, APMTO.3. C</AdrLine>
          <AdrLine>ANTEQUERA 29200 MALAGA</AdrLine>
        </PstlAdr>
        </Dbtr>
        <DbtrAcct>
          <Id>
            <IBAN>ES6321002264940200238532</IBAN>
          </Id>
        </DbtrAcct>
        <Purp>
          <Cd>TRAD</Cd>
        </Purp>
        <RmtInf>
        <Ustrd>Recibo A06587 de fecha 01/05/2014</Ustrd>
        </RmtInf>
      </DrctDbtTxInf>
      <DrctDbtTxInf>
        <PmtId>
          <EndToEndId>A06588</EndToEndId>
        </PmtId>
        <InstdAmt Ccy="EUR">542.70</InstdAmt>
        <DrctDbtTx>
          <MndtRltdInf>
            <MndtId>I00958</MndtId>
            <DtOfSgntr>2009-10-31</DtOfSgntr>
            <AmdmntInd>false</AmdmntInd>
          </MndtRltdInf>
        </DrctDbtTx>
        <DbtrAgt>
          <FinInstnId>
            <BIC>UCJAES2MXXX</BIC>
          </FinInstnId>
        </DbtrAgt>
        <Dbtr>
        <Nm>ANTONIO MARTINEZ TORAL</Nm>
        <PstlAdr>
          <Ctry>ES</Ctry>
          <AdrLine>C/CAMPANEROS N. 4-6, APMTO.3. D</AdrLine>
          <AdrLine>ANTEQUERA 29200 MALAGA</AdrLine>
        </PstlAdr>
        </Dbtr>
        <DbtrAcct>
          <Id>
            <IBAN>ES4721033042210010014926</IBAN>
          </Id>
        </DbtrAcct>
        <Purp>
          <Cd>TRAD</Cd>
        </Purp>
        <RmtInf>
        <Ustrd>Recibo A06588 de fecha 01/05/2014</Ustrd>
        </RmtInf>
      </DrctDbtTxInf>
      <DrctDbtTxInf>
        <PmtId>
          <EndToEndId>A06589</EndToEndId>
        </PmtId>
        <InstdAmt Ccy="EUR">297.46</InstdAmt>
        <DrctDbtTx>
          <MndtRltdInf>
            <MndtId>I01426</MndtId>
            <DtOfSgntr>2009-10-31</DtOfSgntr>
            <AmdmntInd>false</AmdmntInd>
          </MndtRltdInf>
        </DrctDbtTx>
        <DbtrAgt>
          <FinInstnId>
            <BIC>ESPCESMMXXX</BIC>
          </FinInstnId>
        </DbtrAgt>
        <Dbtr>
        <Nm>OSCAR SEGOVIA VENEGAS</Nm>
        <PstlAdr>
          <Ctry>ES</Ctry>
          <AdrLine>C/CAMPANEROS N. 4-6, APMTO.3. E</AdrLine>
          <AdrLine>ANTEQUERA 29200 MALAGA</AdrLine>
        </PstlAdr>
        </Dbtr>
        <DbtrAcct>
          <Id>
            <IBAN>ES4100304364730000224271</IBAN>
          </Id>
        </DbtrAcct>
        <Purp>
          <Cd>TRAD</Cd>
        </Purp>
        <RmtInf>
        <Ustrd>Recibo A06589 de fecha 01/05/2014</Ustrd>
        </RmtInf>
      </DrctDbtTxInf>
      <DrctDbtTxInf>
        <PmtId>
          <EndToEndId>A06590</EndToEndId>
        </PmtId>
        <InstdAmt Ccy="EUR">537.68</InstdAmt>
        <DrctDbtTx>
          <MndtRltdInf>
            <MndtId>I00915</MndtId>
            <DtOfSgntr>2009-10-31</DtOfSgntr>
            <AmdmntInd>false</AmdmntInd>
          </MndtRltdInf>
        </DrctDbtTx>
        <DbtrAgt>
          <FinInstnId>
            <BIC>BBVAESMMXXX</BIC>
          </FinInstnId>
        </DbtrAgt>
        <Dbtr>
        <Nm>JUAN JOSE MORENO TORRALVO</Nm>
        <PstlAdr>
          <Ctry>ES</Ctry>
          <AdrLine>C/CAMPANEROS N. 4-6, APMTO.3. G</AdrLine>
          <AdrLine>ANTEQUERA 29200 MALAGA</AdrLine>
        </PstlAdr>
        </Dbtr>
        <DbtrAcct>
          <Id>
            <IBAN>ES3001823365100201546283</IBAN>
          </Id>
        </DbtrAcct>
        <Purp>
          <Cd>TRAD</Cd>
        </Purp>
        <RmtInf>
        <Ustrd>Recibo A06590 de fecha 01/05/2014</Ustrd>
        </RmtInf>
      </DrctDbtTxInf>
      <DrctDbtTxInf>
        <PmtId>
          <EndToEndId>A06593</EndToEndId>
        </PmtId>
        <InstdAmt Ccy="EUR">462.69</InstdAmt>
        <DrctDbtTx>
          <MndtRltdInf>
            <MndtId>I01369</MndtId>
            <DtOfSgntr>2009-10-31</DtOfSgntr>
            <AmdmntInd>false</AmdmntInd>
          </MndtRltdInf>
        </DrctDbtTx>
        <DbtrAgt>
          <FinInstnId>
            <BIC>CAIXESBBXXX</BIC>
          </FinInstnId>
        </DbtrAgt>
        <Dbtr>
        <Nm>ANA GARCIA GARCIA</Nm>
        <PstlAdr>
          <Ctry>ES</Ctry>
          <AdrLine>C/TORTOLA 31, Apmto. 101, PLANTA PRIMERA</AdrLine>
          <AdrLine>GRANADA 18014 GRANADA</AdrLine>
        </PstlAdr>
        </Dbtr>
        <DbtrAcct>
          <Id>
            <IBAN>ES9721006248190100116875</IBAN>
          </Id>
        </DbtrAcct>
        <Purp>
          <Cd>TRAD</Cd>
        </Purp>
        <RmtInf>
        <Ustrd>Recibo A06593 de fecha 01/05/2014</Ustrd>
        </RmtInf>
      </DrctDbtTxInf>
      <DrctDbtTxInf>
        <PmtId>
          <EndToEndId>A06596</EndToEndId>
        </PmtId>
        <InstdAmt Ccy="EUR">548.58</InstdAmt>
        <DrctDbtTx>
          <MndtRltdInf>
            <MndtId>I01298</MndtId>
            <DtOfSgntr>2009-10-31</DtOfSgntr>
            <AmdmntInd>false</AmdmntInd>
          </MndtRltdInf>
        </DrctDbtTx>
        <DbtrAgt>
          <FinInstnId>
            <BIC>UCJAES2MXXX</BIC>
          </FinInstnId>
        </DbtrAgt>
        <Dbtr>
        <Nm>CARMEN ARENAS MORA</Nm>
        <PstlAdr>
          <Ctry>ES</Ctry>
          <AdrLine>C/TORTOLA 31, Apmto. 104, PLANTA PRIMERA</AdrLine>
          <AdrLine>GRANADA 18014 GRANADA</AdrLine>
        </PstlAdr>
        </Dbtr>
        <DbtrAcct>
          <Id>
            <IBAN>ES4921030336920040002438</IBAN>
          </Id>
        </DbtrAcct>
        <Purp>
          <Cd>TRAD</Cd>
        </Purp>
        <RmtInf>
        <Ustrd>Recibo A06596 de fecha 01/05/2014</Ustrd>
        </RmtInf>
      </DrctDbtTxInf>
      <DrctDbtTxInf>
        <PmtId>
          <EndToEndId>A06597</EndToEndId>
        </PmtId>
        <InstdAmt Ccy="EUR">357.34</InstdAmt>
        <DrctDbtTx>
          <MndtRltdInf>
            <MndtId>I01352</MndtId>
            <DtOfSgntr>2009-10-31</DtOfSgntr>
            <AmdmntInd>false</AmdmntInd>
          </MndtRltdInf>
        </DrctDbtTx>
        <DbtrAgt>
          <FinInstnId>
            <BIC>GBMNESMMXXX</BIC>
          </FinInstnId>
        </DbtrAgt>
        <Dbtr>
        <Nm>GUADALUPE GIL ROJAS</Nm>
        <PstlAdr>
          <Ctry>ES</Ctry>
          <AdrLine>C/TORTOLA 31, Apmto. 105, PLANTA PRIMERA</AdrLine>
          <AdrLine>GRANADA 18014 GRANADA</AdrLine>
        </PstlAdr>
        </Dbtr>
        <DbtrAcct>
          <Id>
            <IBAN>ES6604873260899000019610</IBAN>
          </Id>
        </DbtrAcct>
        <Purp>
          <Cd>TRAD</Cd>
        </Purp>
        <RmtInf>
        <Ustrd>Recibo A06597 de fecha 01/05/2014</Ustrd>
        </RmtInf>
      </DrctDbtTxInf>
      <DrctDbtTxInf>
        <PmtId>
          <EndToEndId>A06601</EndToEndId>
        </PmtId>
        <InstdAmt Ccy="EUR">580.62</InstdAmt>
        <DrctDbtTx>
          <MndtRltdInf>
            <MndtId>I00562</MndtId>
            <DtOfSgntr>2009-10-31</DtOfSgntr>
            <AmdmntInd>false</AmdmntInd>
          </MndtRltdInf>
        </DrctDbtTx>
        <DbtrAgt>
          <FinInstnId>
            <BIC>GBMNESMMXXX</BIC>
          </FinInstnId>
        </DbtrAgt>
        <Dbtr>
        <Nm>DOLORES RODRIGUEZ UBEDA</Nm>
        <PstlAdr>
          <Ctry>ES</Ctry>
          <AdrLine>C/TORTOLA 31, Apmto. 201, PLANTA SEGUNDA</AdrLine>
          <AdrLine>GRANADA 18014 GRANADA</AdrLine>
        </PstlAdr>
        </Dbtr>
        <DbtrAcct>
          <Id>
            <IBAN>ES5604873110809000007943</IBAN>
          </Id>
        </DbtrAcct>
        <Purp>
          <Cd>TRAD</Cd>
        </Purp>
        <RmtInf>
        <Ustrd>Recibo A06601 de fecha 01/05/2014</Ustrd>
        </RmtInf>
      </DrctDbtTxInf>
      <DrctDbtTxInf>
        <PmtId>
          <EndToEndId>A06603</EndToEndId>
        </PmtId>
        <InstdAmt Ccy="EUR">344.11</InstdAmt>
        <DrctDbtTx>
          <MndtRltdInf>
            <MndtId>I01427</MndtId>
            <DtOfSgntr>2009-10-31</DtOfSgntr>
            <AmdmntInd>false</AmdmntInd>
          </MndtRltdInf>
        </DrctDbtTx>
        <DbtrAgt>
          <FinInstnId>
            <BIC>GBMNESMMXXX</BIC>
          </FinInstnId>
        </DbtrAgt>
        <Dbtr>
        <Nm>RAQUEL MARIA ORTEGA AVILA</Nm>
        <PstlAdr>
          <Ctry>ES</Ctry>
          <AdrLine>C/TORTOLA 31, Apmto. 203, PLANTA SEGUNDA</AdrLine>
          <AdrLine>GRANADA 18014 GRANADA</AdrLine>
        </PstlAdr>
        </Dbtr>
        <DbtrAcct>
          <Id>
            <IBAN>ES4104873234439000000334</IBAN>
          </Id>
        </DbtrAcct>
        <Purp>
          <Cd>TRAD</Cd>
        </Purp>
        <RmtInf>
        <Ustrd>Recibo A06603 de fecha 01/05/2014</Ustrd>
        </RmtInf>
      </DrctDbtTxInf>
      <DrctDbtTxInf>
        <PmtId>
          <EndToEndId>A06604</EndToEndId>
        </PmtId>
        <InstdAmt Ccy="EUR">493.77</InstdAmt>
        <DrctDbtTx>
          <MndtRltdInf>
            <MndtId>I01335</MndtId>
            <DtOfSgntr>2009-10-31</DtOfSgntr>
            <AmdmntInd>false</AmdmntInd>
          </MndtRltdInf>
        </DrctDbtTx>
        <DbtrAgt>
          <FinInstnId>
            <BIC>BSCHESMMXXX</BIC>
          </FinInstnId>
        </DbtrAgt>
        <Dbtr>
        <Nm>ANTONIO ARTEAGA LERIDA</Nm>
        <PstlAdr>
          <Ctry>ES</Ctry>
          <AdrLine>C/TORTOLA 31, Apmto. 204, PLANTA SEGUNDA</AdrLine>
          <AdrLine>GRANADA 18014 GRANADA</AdrLine>
        </PstlAdr>
        </Dbtr>
        <DbtrAcct>
          <Id>
            <IBAN>ES6100491474632290108110</IBAN>
          </Id>
        </DbtrAcct>
        <Purp>
          <Cd>TRAD</Cd>
        </Purp>
        <RmtInf>
        <Ustrd>Recibo A06604 de fecha 01/05/2014</Ustrd>
        </RmtInf>
      </DrctDbtTxInf>
      <DrctDbtTxInf>
        <PmtId>
          <EndToEndId>A06605</EndToEndId>
        </PmtId>
        <InstdAmt Ccy="EUR">337.73</InstdAmt>
        <DrctDbtTx>
          <MndtRltdInf>
            <MndtId>I01356</MndtId>
            <DtOfSgntr>2009-10-31</DtOfSgntr>
            <AmdmntInd>false</AmdmntInd>
          </MndtRltdInf>
        </DrctDbtTx>
        <DbtrAgt>
          <FinInstnId>
            <BIC>GBMNESMMXXX</BIC>
          </FinInstnId>
        </DbtrAgt>
        <Dbtr>
        <Nm>M.DEL CARMEN ESPEJO RUIZ</Nm>
        <PstlAdr>
          <Ctry>ES</Ctry>
          <AdrLine>C/TORTOLA 31, Apmto. 205, PLANTA SEGUNDA</AdrLine>
          <AdrLine>GRANADA 18014 GRANADA</AdrLine>
        </PstlAdr>
        </Dbtr>
        <DbtrAcct>
          <Id>
            <IBAN>ES1504873228579000018361</IBAN>
          </Id>
        </DbtrAcct>
        <Purp>
          <Cd>TRAD</Cd>
        </Purp>
        <RmtInf>
        <Ustrd>Recibo A06605 de fecha 01/05/2014</Ustrd>
        </RmtInf>
      </DrctDbtTxInf>
      <DrctDbtTxInf>
        <PmtId>
          <EndToEndId>A06606</EndToEndId>
        </PmtId>
        <InstdAmt Ccy="EUR">369.97</InstdAmt>
        <DrctDbtTx>
          <MndtRltdInf>
            <MndtId>I01303</MndtId>
            <DtOfSgntr>2009-10-31</DtOfSgntr>
            <AmdmntInd>false</AmdmntInd>
          </MndtRltdInf>
        </DrctDbtTx>
        <DbtrAgt>
          <FinInstnId>
            <BIC>CAHMESMMXXX</BIC>
          </FinInstnId>
        </DbtrAgt>
        <Dbtr>
        <Nm>MARTIN JESUS ROMERO PEREZ</Nm>
        <PstlAdr>
          <Ctry>ES</Ctry>
          <AdrLine>C/TORTOLA 31, Apmto. 206, PLANTA SEGUNDA</AdrLine>
          <AdrLine>GRANADA 18014 GRANADA</AdrLine>
        </PstlAdr>
        </Dbtr>
        <DbtrAcct>
          <Id>
            <IBAN>ES2820389800226000287956</IBAN>
          </Id>
        </DbtrAcct>
        <Purp>
          <Cd>TRAD</Cd>
        </Purp>
        <RmtInf>
        <Ustrd>Recibo A06606 de fecha 01/05/2014</Ustrd>
        </RmtInf>
      </DrctDbtTxInf>
      <DrctDbtTxInf>
        <PmtId>
          <EndToEndId>A06607</EndToEndId>
        </PmtId>
        <InstdAmt Ccy="EUR">371.39</InstdAmt>
        <DrctDbtTx>
          <MndtRltdInf>
            <MndtId>I01370</MndtId>
            <DtOfSgntr>2009-10-31</DtOfSgntr>
            <AmdmntInd>false</AmdmntInd>
          </MndtRltdInf>
        </DrctDbtTx>
        <DbtrAgt>
          <FinInstnId>
            <BIC>CCRIES2AXXX</BIC>
          </FinInstnId>
        </DbtrAgt>
        <Dbtr>
        <Nm>JOSELUZON LOZANO</Nm>
        <PstlAdr>
          <Ctry>ES</Ctry>
          <AdrLine>C/TORTOLA 31, Apmto. 207, PLANTA SEGUNDA</AdrLine>
          <AdrLine>GRANADA 18014 GRANADA</AdrLine>
        </PstlAdr>
        </Dbtr>
        <DbtrAcct>
          <Id>
            <IBAN>ES8130583018302720007532</IBAN>
          </Id>
        </DbtrAcct>
        <Purp>
          <Cd>TRAD</Cd>
        </Purp>
        <RmtInf>
        <Ustrd>Recibo A06607 de fecha 01/05/2014</Ustrd>
        </RmtInf>
      </DrctDbtTxInf>
      <DrctDbtTxInf>
        <PmtId>
          <EndToEndId>A06608</EndToEndId>
        </PmtId>
        <InstdAmt Ccy="EUR">387.01</InstdAmt>
        <DrctDbtTx>
          <MndtRltdInf>
            <MndtId>I01376</MndtId>
            <DtOfSgntr>2009-10-31</DtOfSgntr>
            <AmdmntInd>false</AmdmntInd>
          </MndtRltdInf>
        </DrctDbtTx>
        <DbtrAgt>
          <FinInstnId>
            <BIC>GBMNESMMXXX</BIC>
          </FinInstnId>
        </DbtrAgt>
        <Dbtr>
        <Nm>SUSANA ROMERA MORALES</Nm>
        <PstlAdr>
          <Ctry>ES</Ctry>
          <AdrLine>C/TORTOLA 31, Apmto. 208, PLANTA SEGUNDA</AdrLine>
          <AdrLine>GRANADA 18014 GRANADA</AdrLine>
        </PstlAdr>
        </Dbtr>
        <DbtrAcct>
          <Id>
            <IBAN>ES5504873218869000010609</IBAN>
          </Id>
        </DbtrAcct>
        <Purp>
          <Cd>TRAD</Cd>
        </Purp>
        <RmtInf>
        <Ustrd>Recibo A06608 de fecha 01/05/2014</Ustrd>
        </RmtInf>
      </DrctDbtTxInf>
      <DrctDbtTxInf>
        <PmtId>
          <EndToEndId>A06609</EndToEndId>
        </PmtId>
        <InstdAmt Ccy="EUR">483.10</InstdAmt>
        <DrctDbtTx>
          <MndtRltdInf>
            <MndtId>I01373</MndtId>
            <DtOfSgntr>2009-10-31</DtOfSgntr>
            <AmdmntInd>false</AmdmntInd>
          </MndtRltdInf>
        </DrctDbtTx>
        <DbtrAgt>
          <FinInstnId>
            <BIC>POPUESMMXXX</BIC>
          </FinInstnId>
        </DbtrAgt>
        <Dbtr>
        <Nm>JUAN ALVAREZ BARROSO</Nm>
        <PstlAdr>
          <Ctry>ES</Ctry>
          <AdrLine>C/TORTOLA 31, Apmto. 301, PLANTA TERCERA</AdrLine>
          <AdrLine>GRANADA 18014 GRANADA</AdrLine>
        </PstlAdr>
        </Dbtr>
        <DbtrAcct>
          <Id>
            <IBAN>ES7600753144140701452928</IBAN>
          </Id>
        </DbtrAcct>
        <Purp>
          <Cd>TRAD</Cd>
        </Purp>
        <RmtInf>
        <Ustrd>Recibo A06609 de fecha 01/05/2014</Ustrd>
        </RmtInf>
      </DrctDbtTxInf>
      <DrctDbtTxInf>
        <PmtId>
          <EndToEndId>A06610</EndToEndId>
        </PmtId>
        <InstdAmt Ccy="EUR">381.96</InstdAmt>
        <DrctDbtTx>
          <MndtRltdInf>
            <MndtId>I01367</MndtId>
            <DtOfSgntr>2009-10-31</DtOfSgntr>
            <AmdmntInd>false</AmdmntInd>
          </MndtRltdInf>
        </DrctDbtTx>
        <DbtrAgt>
          <FinInstnId>
            <BIC>BBVAESMMXXX</BIC>
          </FinInstnId>
        </DbtrAgt>
        <Dbtr>
        <Nm>ANGEL MUELAS GARCIA</Nm>
        <PstlAdr>
          <Ctry>ES</Ctry>
          <AdrLine>C/TORTOLA 31, Apmto. 302, PLANTA TERCERA</AdrLine>
          <AdrLine>GRANADA 18014 GRANADA</AdrLine>
        </PstlAdr>
        </Dbtr>
        <DbtrAcct>
          <Id>
            <IBAN>ES9201827376010201582902</IBAN>
          </Id>
        </DbtrAcct>
        <Purp>
          <Cd>TRAD</Cd>
        </Purp>
        <RmtInf>
        <Ustrd>Recibo A06610 de fecha 01/05/2014</Ustrd>
        </RmtInf>
      </DrctDbtTxInf>
      <DrctDbtTxInf>
        <PmtId>
          <EndToEndId>A06611</EndToEndId>
        </PmtId>
        <InstdAmt Ccy="EUR">395.05</InstdAmt>
        <DrctDbtTx>
          <MndtRltdInf>
            <MndtId>I01295</MndtId>
            <DtOfSgntr>2009-10-31</DtOfSgntr>
            <AmdmntInd>false</AmdmntInd>
          </MndtRltdInf>
        </DrctDbtTx>
        <DbtrAgt>
          <FinInstnId>
            <BIC>BSCHESMMXXX</BIC>
          </FinInstnId>
        </DbtrAgt>
        <Dbtr>
        <Nm>FRANCISCO GONZALEZ NUNIEZ</Nm>
        <PstlAdr>
          <Ctry>ES</Ctry>
          <AdrLine>C/TORTOLA 31, Apmto. 303, PLANTA TERCERA</AdrLine>
          <AdrLine>GRANADA 18014 GRANADA</AdrLine>
        </PstlAdr>
        </Dbtr>
        <DbtrAcct>
          <Id>
            <IBAN>ES1000490054570001261428</IBAN>
          </Id>
        </DbtrAcct>
        <Purp>
          <Cd>TRAD</Cd>
        </Purp>
        <RmtInf>
        <Ustrd>Recibo A06611 de fecha 01/05/2014</Ustrd>
        </RmtInf>
      </DrctDbtTxInf>
      <DrctDbtTxInf>
        <PmtId>
          <EndToEndId>A06612</EndToEndId>
        </PmtId>
        <InstdAmt Ccy="EUR">497.02</InstdAmt>
        <DrctDbtTx>
          <MndtRltdInf>
            <MndtId>I01368</MndtId>
            <DtOfSgntr>2009-10-31</DtOfSgntr>
            <AmdmntInd>false</AmdmntInd>
          </MndtRltdInf>
        </DrctDbtTx>
        <DbtrAgt>
          <FinInstnId>
            <BIC>GBMNESMMXXX</BIC>
          </FinInstnId>
        </DbtrAgt>
        <Dbtr>
        <Nm>PATRICIO TOMAS BERBEL HERAS</Nm>
        <PstlAdr>
          <Ctry>ES</Ctry>
          <AdrLine>C/TORTOLA 31, Apmto. 304, PLANTA TERCERA</AdrLine>
          <AdrLine>GRANADA 18014 GRANADA</AdrLine>
        </PstlAdr>
        </Dbtr>
        <DbtrAcct>
          <Id>
            <IBAN>ES0604873028849000027200</IBAN>
          </Id>
        </DbtrAcct>
        <Purp>
          <Cd>TRAD</Cd>
        </Purp>
        <RmtInf>
        <Ustrd>Recibo A06612 de fecha 01/05/2014</Ustrd>
        </RmtInf>
      </DrctDbtTxInf>
      <DrctDbtTxInf>
        <PmtId>
          <EndToEndId>A06614</EndToEndId>
        </PmtId>
        <InstdAmt Ccy="EUR">413.93</InstdAmt>
        <DrctDbtTx>
          <MndtRltdInf>
            <MndtId>I01260</MndtId>
            <DtOfSgntr>2009-10-31</DtOfSgntr>
            <AmdmntInd>false</AmdmntInd>
          </MndtRltdInf>
        </DrctDbtTx>
        <DbtrAgt>
          <FinInstnId>
            <BIC>GBMNESMMXXX</BIC>
          </FinInstnId>
        </DbtrAgt>
        <Dbtr>
        <Nm>MARCOS FERNANDEZ RUIZ</Nm>
        <PstlAdr>
          <Ctry>ES</Ctry>
          <AdrLine>C/TORTOLA 31, Apmto. 306, PLANTA TERCERA</AdrLine>
          <AdrLine>GRANADA 18014 GRANADA</AdrLine>
        </PstlAdr>
        </Dbtr>
        <DbtrAcct>
          <Id>
            <IBAN>ES8204873023549000030171</IBAN>
          </Id>
        </DbtrAcct>
        <Purp>
          <Cd>TRAD</Cd>
        </Purp>
        <RmtInf>
        <Ustrd>Recibo A06614 de fecha 01/05/2014</Ustrd>
        </RmtInf>
      </DrctDbtTxInf>
      <DrctDbtTxInf>
        <PmtId>
          <EndToEndId>A06615</EndToEndId>
        </PmtId>
        <InstdAmt Ccy="EUR">336.51</InstdAmt>
        <DrctDbtTx>
          <MndtRltdInf>
            <MndtId>I01359</MndtId>
            <DtOfSgntr>2009-10-31</DtOfSgntr>
            <AmdmntInd>false</AmdmntInd>
          </MndtRltdInf>
        </DrctDbtTx>
        <DbtrAgt>
          <FinInstnId>
            <BIC>GBMNESMMXXX</BIC>
          </FinInstnId>
        </DbtrAgt>
        <Dbtr>
        <Nm>FRANCISCO MARTIN CANO</Nm>
        <PstlAdr>
          <Ctry>ES</Ctry>
          <AdrLine>C/TORTOLA 31, Apmto. 307, PLANTA TERCERA</AdrLine>
          <AdrLine>GRANADA 18014 GRANADA</AdrLine>
        </PstlAdr>
        </Dbtr>
        <DbtrAcct>
          <Id>
            <IBAN>ES5004873010409000301355</IBAN>
          </Id>
        </DbtrAcct>
        <Purp>
          <Cd>TRAD</Cd>
        </Purp>
        <RmtInf>
        <Ustrd>Recibo A06615 de fecha 01/05/2014</Ustrd>
        </RmtInf>
      </DrctDbtTxInf>
      <DrctDbtTxInf>
        <PmtId>
          <EndToEndId>A06617</EndToEndId>
        </PmtId>
        <InstdAmt Ccy="EUR">468.37</InstdAmt>
        <DrctDbtTx>
          <MndtRltdInf>
            <MndtId>I01296</MndtId>
            <DtOfSgntr>2009-10-31</DtOfSgntr>
            <AmdmntInd>false</AmdmntInd>
          </MndtRltdInf>
        </DrctDbtTx>
        <DbtrAgt>
          <FinInstnId>
            <BIC>CAIXESBBXXX</BIC>
          </FinInstnId>
        </DbtrAgt>
        <Dbtr>
        <Nm>FRANCISCO JOSE PEREZ RODRIGUEZ</Nm>
        <PstlAdr>
          <Ctry>ES</Ctry>
          <AdrLine>C/TORTOLA 31, Apmto. 401, PLANTA CUARTA</AdrLine>
          <AdrLine>GRANADA 18014 GRANADA</AdrLine>
        </PstlAdr>
        </Dbtr>
        <DbtrAcct>
          <Id>
            <IBAN>ES1021001873160100165842</IBAN>
          </Id>
        </DbtrAcct>
        <Purp>
          <Cd>TRAD</Cd>
        </Purp>
        <RmtInf>
        <Ustrd>Recibo A06617 de fecha 01/05/2014</Ustrd>
        </RmtInf>
      </DrctDbtTxInf>
      <DrctDbtTxInf>
        <PmtId>
          <EndToEndId>A06618</EndToEndId>
        </PmtId>
        <InstdAmt Ccy="EUR">414.44</InstdAmt>
        <DrctDbtTx>
          <MndtRltdInf>
            <MndtId>I01340</MndtId>
            <DtOfSgntr>2009-10-31</DtOfSgntr>
            <AmdmntInd>false</AmdmntInd>
          </MndtRltdInf>
        </DrctDbtTx>
        <DbtrAgt>
          <FinInstnId>
            <BIC>INGDESMMXXX</BIC>
          </FinInstnId>
        </DbtrAgt>
        <Dbtr>
        <Nm>JUAN RAUL OLIVER CASTILLO</Nm>
        <PstlAdr>
          <Ctry>ES</Ctry>
          <AdrLine>C/TORTOLA 31, Apmto. 403, PLANTA CUARTA</AdrLine>
          <AdrLine>GRANADA 18014 GRANADA</AdrLine>
        </PstlAdr>
        </Dbtr>
        <DbtrAcct>
          <Id>
            <IBAN>ES9614650100911713575470</IBAN>
          </Id>
        </DbtrAcct>
        <Purp>
          <Cd>TRAD</Cd>
        </Purp>
        <RmtInf>
        <Ustrd>Recibo A06618 de fecha 01/05/2014</Ustrd>
        </RmtInf>
      </DrctDbtTxInf>
      <DrctDbtTxInf>
        <PmtId>
          <EndToEndId>A06620</EndToEndId>
        </PmtId>
        <InstdAmt Ccy="EUR">404.40</InstdAmt>
        <DrctDbtTx>
          <MndtRltdInf>
            <MndtId>I01300</MndtId>
            <DtOfSgntr>2009-10-31</DtOfSgntr>
            <AmdmntInd>false</AmdmntInd>
          </MndtRltdInf>
        </DrctDbtTx>
        <DbtrAgt>
          <FinInstnId>
            <BIC>GBMNESMMXXX</BIC>
          </FinInstnId>
        </DbtrAgt>
        <Dbtr>
        <Nm>IRENE RODENAS MARTIN</Nm>
        <PstlAdr>
          <Ctry>ES</Ctry>
          <AdrLine>C/TORTOLA 31, Apmto. 405, PLANTA CUARTA</AdrLine>
          <AdrLine>GRANADA 18014 GRANADA</AdrLine>
        </PstlAdr>
        </Dbtr>
        <DbtrAcct>
          <Id>
            <IBAN>ES6004873127719000004746</IBAN>
          </Id>
        </DbtrAcct>
        <Purp>
          <Cd>TRAD</Cd>
        </Purp>
        <RmtInf>
        <Ustrd>Recibo A06620 de fecha 01/05/2014</Ustrd>
        </RmtInf>
      </DrctDbtTxInf>
      <DrctDbtTxInf>
        <PmtId>
          <EndToEndId>A06621</EndToEndId>
        </PmtId>
        <InstdAmt Ccy="EUR">383.48</InstdAmt>
        <DrctDbtTx>
          <MndtRltdInf>
            <MndtId>I01225</MndtId>
            <DtOfSgntr>2009-10-31</DtOfSgntr>
            <AmdmntInd>false</AmdmntInd>
          </MndtRltdInf>
        </DrctDbtTx>
        <DbtrAgt>
          <FinInstnId>
            <BIC>CAIXESBBXXX</BIC>
          </FinInstnId>
        </DbtrAgt>
        <Dbtr>
        <Nm>RUTH MERCEDES PEREZ VASQUEZ</Nm>
        <PstlAdr>
          <Ctry>ES</Ctry>
          <AdrLine>C/TORTOLA 31, Apmto. 406, PLANTA CUARTA</AdrLine>
          <AdrLine>GRANADA 18014 GRANADA</AdrLine>
        </PstlAdr>
        </Dbtr>
        <DbtrAcct>
          <Id>
            <IBAN>ES7821002154810100488532</IBAN>
          </Id>
        </DbtrAcct>
        <Purp>
          <Cd>TRAD</Cd>
        </Purp>
        <RmtInf>
        <Ustrd>Recibo A06621 de fecha 01/05/2014</Ustrd>
        </RmtInf>
      </DrctDbtTxInf>
      <DrctDbtTxInf>
        <PmtId>
          <EndToEndId>A06622</EndToEndId>
        </PmtId>
        <InstdAmt Ccy="EUR">350.13</InstdAmt>
        <DrctDbtTx>
          <MndtRltdInf>
            <MndtId>I01381</MndtId>
            <DtOfSgntr>2009-10-31</DtOfSgntr>
            <AmdmntInd>false</AmdmntInd>
          </MndtRltdInf>
        </DrctDbtTx>
        <DbtrAgt>
          <FinInstnId>
            <BIC>POPUESMMXXX</BIC>
          </FinInstnId>
        </DbtrAgt>
        <Dbtr>
        <Nm>FABIAN SANCHEZ NEVADA</Nm>
        <PstlAdr>
          <Ctry>ES</Ctry>
          <AdrLine>C/TORTOLA 31, Apmto. 408, PLANTA CUARTA</AdrLine>
          <AdrLine>GRANADA 18014 GRANADA</AdrLine>
        </PstlAdr>
        </Dbtr>
        <DbtrAcct>
          <Id>
            <IBAN>ES4100753071430701095335</IBAN>
          </Id>
        </DbtrAcct>
        <Purp>
          <Cd>TRAD</Cd>
        </Purp>
        <RmtInf>
        <Ustrd>Recibo A06622 de fecha 01/05/2014</Ustrd>
        </RmtInf>
      </DrctDbtTxInf>
      <DrctDbtTxInf>
        <PmtId>
          <EndToEndId>A06623</EndToEndId>
        </PmtId>
        <InstdAmt Ccy="EUR">496.81</InstdAmt>
        <DrctDbtTx>
          <MndtRltdInf>
            <MndtId>I01355</MndtId>
            <DtOfSgntr>2009-10-31</DtOfSgntr>
            <AmdmntInd>false</AmdmntInd>
          </MndtRltdInf>
        </DrctDbtTx>
        <DbtrAgt>
          <FinInstnId>
            <BIC>BBVAESMMXXX</BIC>
          </FinInstnId>
        </DbtrAgt>
        <Dbtr>
        <Nm>JESUS LOZANO REY</Nm>
        <PstlAdr>
          <Ctry>ES</Ctry>
          <AdrLine>C/TORTOLA 31, Apmto. 501, PLANTA QUINTA</AdrLine>
          <AdrLine>GRANADA 18014 GRANADA</AdrLine>
        </PstlAdr>
        </Dbtr>
        <DbtrAcct>
          <Id>
            <IBAN>ES5801827565620208022836</IBAN>
          </Id>
        </DbtrAcct>
        <Purp>
          <Cd>TRAD</Cd>
        </Purp>
        <RmtInf>
        <Ustrd>Recibo A06623 de fecha 01/05/2014</Ustrd>
        </RmtInf>
      </DrctDbtTxInf>
      <DrctDbtTxInf>
        <PmtId>
          <EndToEndId>A06624</EndToEndId>
        </PmtId>
        <InstdAmt Ccy="EUR">389.43</InstdAmt>
        <DrctDbtTx>
          <MndtRltdInf>
            <MndtId>I01415</MndtId>
            <DtOfSgntr>2009-10-31</DtOfSgntr>
            <AmdmntInd>false</AmdmntInd>
          </MndtRltdInf>
        </DrctDbtTx>
        <DbtrAgt>
          <FinInstnId>
            <BIC>CAIXESBBXXX</BIC>
          </FinInstnId>
        </DbtrAgt>
        <Dbtr>
        <Nm>PEDRO ANTONIO LOPEZ HERNANDEZ</Nm>
        <PstlAdr>
          <Ctry>ES</Ctry>
          <AdrLine>C/TORTOLA 31, Apmto. 502, PLANTA QUINTA</AdrLine>
          <AdrLine>GRANADA 18014 GRANADA</AdrLine>
        </PstlAdr>
        </Dbtr>
        <DbtrAcct>
          <Id>
            <IBAN>ES7421003974330100043578</IBAN>
          </Id>
        </DbtrAcct>
        <Purp>
          <Cd>TRAD</Cd>
        </Purp>
        <RmtInf>
        <Ustrd>Recibo A06624 de fecha 01/05/2014</Ustrd>
        </RmtInf>
      </DrctDbtTxInf>
      <DrctDbtTxInf>
        <PmtId>
          <EndToEndId>A06625</EndToEndId>
        </PmtId>
        <InstdAmt Ccy="EUR">387.13</InstdAmt>
        <DrctDbtTx>
          <MndtRltdInf>
            <MndtId>I01361</MndtId>
            <DtOfSgntr>2009-10-31</DtOfSgntr>
            <AmdmntInd>false</AmdmntInd>
          </MndtRltdInf>
        </DrctDbtTx>
        <DbtrAgt>
          <FinInstnId>
            <BIC>GBMNESMMXXX</BIC>
          </FinInstnId>
        </DbtrAgt>
        <Dbtr>
        <Nm>ANTONIO DOMINGUEZ CAMANFORTE</Nm>
        <PstlAdr>
          <Ctry>ES</Ctry>
          <AdrLine>C/TORTOLA 31, Apmto. 503, PLANTA QUINTA</AdrLine>
          <AdrLine>GRANADA 18014 GRANADA</AdrLine>
        </PstlAdr>
        </Dbtr>
        <DbtrAcct>
          <Id>
            <IBAN>ES6104873028889000032416</IBAN>
          </Id>
        </DbtrAcct>
        <Purp>
          <Cd>TRAD</Cd>
        </Purp>
        <RmtInf>
        <Ustrd>Recibo A06625 de fecha 01/05/2014</Ustrd>
        </RmtInf>
      </DrctDbtTxInf>
      <DrctDbtTxInf>
        <PmtId>
          <EndToEndId>A06626</EndToEndId>
        </PmtId>
        <InstdAmt Ccy="EUR">509.25</InstdAmt>
        <DrctDbtTx>
          <MndtRltdInf>
            <MndtId>I01318</MndtId>
            <DtOfSgntr>2009-10-31</DtOfSgntr>
            <AmdmntInd>false</AmdmntInd>
          </MndtRltdInf>
        </DrctDbtTx>
        <DbtrAgt>
          <FinInstnId>
            <BIC>CAIXESBBXXX</BIC>
          </FinInstnId>
        </DbtrAgt>
        <Dbtr>
        <Nm>MARIA ANGUSTIAS MOCHON CASTRO</Nm>
        <PstlAdr>
          <Ctry>ES</Ctry>
          <AdrLine>C/TORTOLA 31, Apmto. 504, PLANTA QUINTA</AdrLine>
          <AdrLine>GRANADA 18014 GRANADA</AdrLine>
        </PstlAdr>
        </Dbtr>
        <DbtrAcct>
          <Id>
            <IBAN>ES8521002673660210057768</IBAN>
          </Id>
        </DbtrAcct>
        <Purp>
          <Cd>TRAD</Cd>
        </Purp>
        <RmtInf>
        <Ustrd>Recibo A06626 de fecha 01/05/2014</Ustrd>
        </RmtInf>
      </DrctDbtTxInf>
      <DrctDbtTxInf>
        <PmtId>
          <EndToEndId>A06628</EndToEndId>
        </PmtId>
        <InstdAmt Ccy="EUR">397.48</InstdAmt>
        <DrctDbtTx>
          <MndtRltdInf>
            <MndtId>I01289</MndtId>
            <DtOfSgntr>2009-10-31</DtOfSgntr>
            <AmdmntInd>false</AmdmntInd>
          </MndtRltdInf>
        </DrctDbtTx>
        <DbtrAgt>
          <FinInstnId>
            <BIC>CAIXESBBXXX</BIC>
          </FinInstnId>
        </DbtrAgt>
        <Dbtr>
        <Nm>JOSE MARIO ORELLANA AGREDA</Nm>
        <PstlAdr>
          <Ctry>ES</Ctry>
          <AdrLine>C/TORTOLA 31, Apmto. 506, PLANTA QUINTA</AdrLine>
          <AdrLine>GRANADA 18014 GRANADA</AdrLine>
        </PstlAdr>
        </Dbtr>
        <DbtrAcct>
          <Id>
            <IBAN>ES4521002558000210100064</IBAN>
          </Id>
        </DbtrAcct>
        <Purp>
          <Cd>TRAD</Cd>
        </Purp>
        <RmtInf>
        <Ustrd>Recibo A06628 de fecha 01/05/2014</Ustrd>
        </RmtInf>
      </DrctDbtTxInf>
      <DrctDbtTxInf>
        <PmtId>
          <EndToEndId>A06629</EndToEndId>
        </PmtId>
        <InstdAmt Ccy="EUR">331.81</InstdAmt>
        <DrctDbtTx>
          <MndtRltdInf>
            <MndtId>I01371</MndtId>
            <DtOfSgntr>2009-10-31</DtOfSgntr>
            <AmdmntInd>false</AmdmntInd>
          </MndtRltdInf>
        </DrctDbtTx>
        <DbtrAgt>
          <FinInstnId>
            <BIC>BSCHESMMXXX</BIC>
          </FinInstnId>
        </DbtrAgt>
        <Dbtr>
        <Nm>LORENZO MANUEL HEREDIA LOPEZ</Nm>
        <PstlAdr>
          <Ctry>ES</Ctry>
          <AdrLine>C/TORTOLA 31, Apmto. 507, PLANTA QUINTA</AdrLine>
          <AdrLine>GRANADA 18014 GRANADA</AdrLine>
        </PstlAdr>
        </Dbtr>
        <DbtrAcct>
          <Id>
            <IBAN>ES0400496714262190109184</IBAN>
          </Id>
        </DbtrAcct>
        <Purp>
          <Cd>TRAD</Cd>
        </Purp>
        <RmtInf>
        <Ustrd>Recibo A06629 de fecha 01/05/2014</Ustrd>
        </RmtInf>
      </DrctDbtTxInf>
      <DrctDbtTxInf>
        <PmtId>
          <EndToEndId>A06631</EndToEndId>
        </PmtId>
        <InstdAmt Ccy="EUR">465.18</InstdAmt>
        <DrctDbtTx>
          <MndtRltdInf>
            <MndtId>I00573</MndtId>
            <DtOfSgntr>2009-10-31</DtOfSgntr>
            <AmdmntInd>false</AmdmntInd>
          </MndtRltdInf>
        </DrctDbtTx>
        <DbtrAgt>
          <FinInstnId>
            <BIC>UCJAES2MXXX</BIC>
          </FinInstnId>
        </DbtrAgt>
        <Dbtr>
        <Nm>CRISTINA JIMENEZ DEL PINO</Nm>
        <PstlAdr>
          <Ctry>ES</Ctry>
          <AdrLine>C/TORTOLA 31, Apmto. 601, PLANTA SEXTA</AdrLine>
          <AdrLine>GRANADA 18014 GRANADA</AdrLine>
        </PstlAdr>
        </Dbtr>
        <DbtrAcct>
          <Id>
            <IBAN>ES9321032038010010027448</IBAN>
          </Id>
        </DbtrAcct>
        <Purp>
          <Cd>TRAD</Cd>
        </Purp>
        <RmtInf>
        <Ustrd>Recibo A06631 de fecha 01/05/2014</Ustrd>
        </RmtInf>
      </DrctDbtTxInf>
      <DrctDbtTxInf>
        <PmtId>
          <EndToEndId>A06632</EndToEndId>
        </PmtId>
        <InstdAmt Ccy="EUR">473.60</InstdAmt>
        <DrctDbtTx>
          <MndtRltdInf>
            <MndtId>I01100</MndtId>
            <DtOfSgntr>2009-10-31</DtOfSgntr>
            <AmdmntInd>false</AmdmntInd>
          </MndtRltdInf>
        </DrctDbtTx>
        <DbtrAgt>
          <FinInstnId>
            <BIC>BBVAESMMXXX</BIC>
          </FinInstnId>
        </DbtrAgt>
        <Dbtr>
        <Nm>FLAVIANO FERNANDEZ CARMONA</Nm>
        <PstlAdr>
          <Ctry>ES</Ctry>
          <AdrLine>C/TORTOLA 31, Apmto. 602, PLANTA SEXTA</AdrLine>
          <AdrLine>GRANADA 18014 GRANADA</AdrLine>
        </PstlAdr>
        </Dbtr>
        <DbtrAcct>
          <Id>
            <IBAN>ES7601821797370206533739</IBAN>
          </Id>
        </DbtrAcct>
        <Purp>
          <Cd>TRAD</Cd>
        </Purp>
        <RmtInf>
        <Ustrd>Recibo A06632 de fecha 01/05/2014</Ustrd>
        </RmtInf>
      </DrctDbtTxInf>
      <DrctDbtTxInf>
        <PmtId>
          <EndToEndId>A06634</EndToEndId>
        </PmtId>
        <InstdAmt Ccy="EUR">522.49</InstdAmt>
        <DrctDbtTx>
          <MndtRltdInf>
            <MndtId>I00464</MndtId>
            <DtOfSgntr>2009-10-31</DtOfSgntr>
            <AmdmntInd>false</AmdmntInd>
          </MndtRltdInf>
        </DrctDbtTx>
        <DbtrAgt>
          <FinInstnId>
            <BIC>BSCHESMMXXX</BIC>
          </FinInstnId>
        </DbtrAgt>
        <Dbtr>
        <Nm>M.ROSARIO FATIMA POGGIO MORATA</Nm>
        <PstlAdr>
          <Ctry>ES</Ctry>
          <AdrLine>C/TORTOLA 31, Apmto. 604, PLANTA SEXTA</AdrLine>
          <AdrLine>GRANADA 18014 GRANADA</AdrLine>
        </PstlAdr>
        </Dbtr>
        <DbtrAcct>
          <Id>
            <IBAN>ES4700492443142614068891</IBAN>
          </Id>
        </DbtrAcct>
        <Purp>
          <Cd>TRAD</Cd>
        </Purp>
        <RmtInf>
        <Ustrd>Recibo A06634 de fecha 01/05/2014</Ustrd>
        </RmtInf>
      </DrctDbtTxInf>
      <DrctDbtTxInf>
        <PmtId>
          <EndToEndId>A06637</EndToEndId>
        </PmtId>
        <InstdAmt Ccy="EUR">476.91</InstdAmt>
        <DrctDbtTx>
          <MndtRltdInf>
            <MndtId>I01407</MndtId>
            <DtOfSgntr>2009-10-31</DtOfSgntr>
            <AmdmntInd>false</AmdmntInd>
          </MndtRltdInf>
        </DrctDbtTx>
        <DbtrAgt>
          <FinInstnId>
            <BIC>UCJAES2MXXX</BIC>
          </FinInstnId>
        </DbtrAgt>
        <Dbtr>
        <Nm>MANUEL CALLE RAMOS Y RAQUEL POSTIGO SANZO</Nm>
        <PstlAdr>
          <Ctry>ES</Ctry>
          <AdrLine>PISO 2. -A-, C/ALAMEDA N. 18</AdrLine>
          <AdrLine>ANTEQUERA 29200 MALAGA</AdrLine>
        </PstlAdr>
        </Dbtr>
        <DbtrAcct>
          <Id>
            <IBAN>ES7721032001770010028869</IBAN>
          </Id>
        </DbtrAcct>
        <Purp>
          <Cd>TRAD</Cd>
        </Purp>
        <RmtInf>
        <Ustrd>Recibo A06637 de fecha 01/05/2014</Ustrd>
        </RmtInf>
      </DrctDbtTxInf>
      <DrctDbtTxInf>
        <PmtId>
          <EndToEndId>A06639</EndToEndId>
        </PmtId>
        <InstdAmt Ccy="EUR">579.73</InstdAmt>
        <DrctDbtTx>
          <MndtRltdInf>
            <MndtId>I01035</MndtId>
            <DtOfSgntr>2009-10-31</DtOfSgntr>
            <AmdmntInd>false</AmdmntInd>
          </MndtRltdInf>
        </DrctDbtTx>
        <DbtrAgt>
          <FinInstnId>
            <BIC>CSURES2CXXX</BIC>
          </FinInstnId>
        </DbtrAgt>
        <Dbtr>
        <Nm>MARTIN BECERRA TRUJILLO</Nm>
        <PstlAdr>
          <Ctry>ES</Ctry>
          <AdrLine>PISO 2. -D-, C/ALAMEDA N. 18</AdrLine>
          <AdrLine>ANTEQUERA 29200 MALAGA</AdrLine>
        </PstlAdr>
        </Dbtr>
        <DbtrAcct>
          <Id>
            <IBAN>ES9502370603409164321484</IBAN>
          </Id>
        </DbtrAcct>
        <Purp>
          <Cd>TRAD</Cd>
        </Purp>
        <RmtInf>
        <Ustrd>Recibo A06639 de fecha 01/05/2014</Ustrd>
        </RmtInf>
      </DrctDbtTxInf>
      <DrctDbtTxInf>
        <PmtId>
          <EndToEndId>A06640</EndToEndId>
        </PmtId>
        <InstdAmt Ccy="EUR">431.90</InstdAmt>
        <DrctDbtTx>
          <MndtRltdInf>
            <MndtId>I00876</MndtId>
            <DtOfSgntr>2009-10-31</DtOfSgntr>
            <AmdmntInd>false</AmdmntInd>
          </MndtRltdInf>
        </DrctDbtTx>
        <DbtrAgt>
          <FinInstnId>
            <BIC>CSURES2CXXX</BIC>
          </FinInstnId>
        </DbtrAgt>
        <Dbtr>
        <Nm>REMEDIOS BATUN MARTIN</Nm>
        <PstlAdr>
          <Ctry>ES</Ctry>
          <AdrLine>PISO 2. -E-, C/ALAMEDA N. 18</AdrLine>
          <AdrLine>ANTEQUERA 29200 MALAGA</AdrLine>
        </PstlAdr>
        </Dbtr>
        <DbtrAcct>
          <Id>
            <IBAN>ES3202370603409160795504</IBAN>
          </Id>
        </DbtrAcct>
        <Purp>
          <Cd>TRAD</Cd>
        </Purp>
        <RmtInf>
        <Ustrd>Recibo A06640 de fecha 01/05/2014</Ustrd>
        </RmtInf>
      </DrctDbtTxInf>
      <DrctDbtTxInf>
        <PmtId>
          <EndToEndId>A06643</EndToEndId>
        </PmtId>
        <InstdAmt Ccy="EUR">516.81</InstdAmt>
        <DrctDbtTx>
          <MndtRltdInf>
            <MndtId>I01328</MndtId>
            <DtOfSgntr>2009-10-31</DtOfSgntr>
            <AmdmntInd>false</AmdmntInd>
          </MndtRltdInf>
        </DrctDbtTx>
        <DbtrAgt>
          <FinInstnId>
            <BIC>UCJAES2MXXX</BIC>
          </FinInstnId>
        </DbtrAgt>
        <Dbtr>
        <Nm>ENRIQUE GARCIA SANCHEZ</Nm>
        <PstlAdr>
          <Ctry>ES</Ctry>
          <AdrLine>PISO 3. -B-, C/ALAMEDA N. 18</AdrLine>
          <AdrLine>ANTEQUERA 29200 MALAGA</AdrLine>
        </PstlAdr>
        </Dbtr>
        <DbtrAcct>
          <Id>
            <IBAN>ES8421032009343000046332</IBAN>
          </Id>
        </DbtrAcct>
        <Purp>
          <Cd>TRAD</Cd>
        </Purp>
        <RmtInf>
        <Ustrd>Recibo A06643 de fecha 01/05/2014</Ustrd>
        </RmtInf>
      </DrctDbtTxInf>
      <DrctDbtTxInf>
        <PmtId>
          <EndToEndId>A06644</EndToEndId>
        </PmtId>
        <InstdAmt Ccy="EUR">368.71</InstdAmt>
        <DrctDbtTx>
          <MndtRltdInf>
            <MndtId>I01326</MndtId>
            <DtOfSgntr>2009-10-31</DtOfSgntr>
            <AmdmntInd>false</AmdmntInd>
          </MndtRltdInf>
        </DrctDbtTx>
        <DbtrAgt>
          <FinInstnId>
            <BIC>BSCHESMMXXX</BIC>
          </FinInstnId>
        </DbtrAgt>
        <Dbtr>
        <Nm>JOSE LEAL SUAREZ</Nm>
        <PstlAdr>
          <Ctry>ES</Ctry>
          <AdrLine>PISO 3. -E-, C/ALAMEDA N. 18</AdrLine>
          <AdrLine>ANTEQUERA 29200 MALAGA</AdrLine>
        </PstlAdr>
        </Dbtr>
        <DbtrAcct>
          <Id>
            <IBAN>ES2900494870802395015825</IBAN>
          </Id>
        </DbtrAcct>
        <Purp>
          <Cd>TRAD</Cd>
        </Purp>
        <RmtInf>
        <Ustrd>Recibo A06644 de fecha 01/05/2014</Ustrd>
        </RmtInf>
      </DrctDbtTxInf>
      <DrctDbtTxInf>
        <PmtId>
          <EndToEndId>A06645</EndToEndId>
        </PmtId>
        <InstdAmt Ccy="EUR">421.96</InstdAmt>
        <DrctDbtTx>
          <MndtRltdInf>
            <MndtId>I01249</MndtId>
            <DtOfSgntr>2009-10-31</DtOfSgntr>
            <AmdmntInd>false</AmdmntInd>
          </MndtRltdInf>
        </DrctDbtTx>
        <DbtrAgt>
          <FinInstnId>
            <BIC>GBMNESMMXXX</BIC>
          </FinInstnId>
        </DbtrAgt>
        <Dbtr>
        <Nm>MARIA PIEDAD QUERO CARRASCO</Nm>
        <PstlAdr>
          <Ctry>ES</Ctry>
          <AdrLine>PISO 3. -F-, C/ALAMEDA N. 18</AdrLine>
          <AdrLine>ANTEQUERA 29200 MALAGA</AdrLine>
        </PstlAdr>
        </Dbtr>
        <DbtrAcct>
          <Id>
            <IBAN>ES2904873296789000027260</IBAN>
          </Id>
        </DbtrAcct>
        <Purp>
          <Cd>TRAD</Cd>
        </Purp>
        <RmtInf>
        <Ustrd>Recibo A06645 de fecha 01/05/2014</Ustrd>
        </RmtInf>
      </DrctDbtTxInf>
      <DrctDbtTxInf>
        <PmtId>
          <EndToEndId>A06646</EndToEndId>
        </PmtId>
        <InstdAmt Ccy="EUR">463.76</InstdAmt>
        <DrctDbtTx>
          <MndtRltdInf>
            <MndtId>I01411</MndtId>
            <DtOfSgntr>2009-10-31</DtOfSgntr>
            <AmdmntInd>false</AmdmntInd>
          </MndtRltdInf>
        </DrctDbtTx>
        <DbtrAgt>
          <FinInstnId>
            <BIC>CCRIES2AXXX</BIC>
          </FinInstnId>
        </DbtrAgt>
        <Dbtr>
        <Nm>PATRICIA SILVA CAMPOS Y PAOLA SILVA CAMPOS</Nm>
        <PstlAdr>
          <Ctry>ES</Ctry>
          <AdrLine>PISO 4. -C-, C/ALAMEDA N. 18</AdrLine>
          <AdrLine>ANTEQUERA 29200 MALAGA</AdrLine>
        </PstlAdr>
        </Dbtr>
        <DbtrAcct>
          <Id>
            <IBAN>ES1130580713082720025889</IBAN>
          </Id>
        </DbtrAcct>
        <Purp>
          <Cd>TRAD</Cd>
        </Purp>
        <RmtInf>
        <Ustrd>Recibo A06646 de fecha 01/05/2014</Ustrd>
        </RmtInf>
      </DrctDbtTxInf>
      <DrctDbtTxInf>
        <PmtId>
          <EndToEndId>A06647</EndToEndId>
        </PmtId>
        <InstdAmt Ccy="EUR">544.98</InstdAmt>
        <DrctDbtTx>
          <MndtRltdInf>
            <MndtId>I00995</MndtId>
            <DtOfSgntr>2009-10-31</DtOfSgntr>
            <AmdmntInd>false</AmdmntInd>
          </MndtRltdInf>
        </DrctDbtTx>
        <DbtrAgt>
          <FinInstnId>
            <BIC>GBMNESMMXXX</BIC>
          </FinInstnId>
        </DbtrAgt>
        <Dbtr>
        <Nm>PEDRO LOPEZ MARTOS</Nm>
        <PstlAdr>
          <Ctry>ES</Ctry>
          <AdrLine>PISO 4. -D-, C/ALAMEDA N. 18</AdrLine>
          <AdrLine>ANTEQUERA 29200 MALAGA</AdrLine>
        </PstlAdr>
        </Dbtr>
        <DbtrAcct>
          <Id>
            <IBAN>ES0904873443449000005058</IBAN>
          </Id>
        </DbtrAcct>
        <Purp>
          <Cd>TRAD</Cd>
        </Purp>
        <RmtInf>
        <Ustrd>Recibo A06647 de fecha 01/05/2014</Ustrd>
        </RmtInf>
      </DrctDbtTxInf>
      <DrctDbtTxInf>
        <PmtId>
          <EndToEndId>A06650</EndToEndId>
        </PmtId>
        <InstdAmt Ccy="EUR">526.48</InstdAmt>
        <DrctDbtTx>
          <MndtRltdInf>
            <MndtId>I01268</MndtId>
            <DtOfSgntr>2009-10-31</DtOfSgntr>
            <AmdmntInd>false</AmdmntInd>
          </MndtRltdInf>
        </DrctDbtTx>
        <DbtrAgt>
          <FinInstnId>
            <BIC>CAIXESBBXXX</BIC>
          </FinInstnId>
        </DbtrAgt>
        <Dbtr>
        <Nm>MARIANO JIMENEZ HERVAS</Nm>
        <PstlAdr>
          <Ctry>ES</Ctry>
          <AdrLine>PISO 5. -C-, C/ALAMEDA N. 18</AdrLine>
          <AdrLine>ANTEQUERA 29200 MALAGA</AdrLine>
        </PstlAdr>
        </Dbtr>
        <DbtrAcct>
          <Id>
            <IBAN>ES8121002560140110315894</IBAN>
          </Id>
        </DbtrAcct>
        <Purp>
          <Cd>TRAD</Cd>
        </Purp>
        <RmtInf>
        <Ustrd>Recibo A06650 de fecha 01/05/2014</Ustrd>
        </RmtInf>
      </DrctDbtTxInf>
      <DrctDbtTxInf>
        <PmtId>
          <EndToEndId>A06652</EndToEndId>
        </PmtId>
        <InstdAmt Ccy="EUR">485.28</InstdAmt>
        <DrctDbtTx>
          <MndtRltdInf>
            <MndtId>I00889</MndtId>
            <DtOfSgntr>2009-10-31</DtOfSgntr>
            <AmdmntInd>false</AmdmntInd>
          </MndtRltdInf>
        </DrctDbtTx>
        <DbtrAgt>
          <FinInstnId>
            <BIC>CSURES2CXXX</BIC>
          </FinInstnId>
        </DbtrAgt>
        <Dbtr>
        <Nm>MONICA PEREZ VERGARA</Nm>
        <PstlAdr>
          <Ctry>ES</Ctry>
          <AdrLine>PISO 5. -E-, C/ALAMEDA N. 18</AdrLine>
          <AdrLine>ANTEQUERA 29200 MALAGA</AdrLine>
        </PstlAdr>
        </Dbtr>
        <DbtrAcct>
          <Id>
            <IBAN>ES8302370603409153950557</IBAN>
          </Id>
        </DbtrAcct>
        <Purp>
          <Cd>TRAD</Cd>
        </Purp>
        <RmtInf>
        <Ustrd>Recibo A06652 de fecha 01/05/2014</Ustrd>
        </RmtInf>
      </DrctDbtTxInf>
    </PmtInf>
  </CstmrDrctDbtInitn>
</Document>
